3644 5450
820 609 980 668 ...51-

309 741 467 820 pessimis
502 759 594 818 spem
624 739 771 819 aliquam
797 739 967 802 interdum
1003 742 1257 820 concipiendam
1293 745 1488 816 arbitratur,

239 837 241 844 '
309 837 487 899 dummodo
504 835 574 898 illis
595 841 774 915 suppetant
787 835 918 914 ingenii
940 835 1045 900 dotes.
1063 838 1101 901 Id
1118 837 1237 912 etiam,
1260 857 1296 902 se
1311 840 1488 914 audiente,

310 935 434 996 iactum
459 953 533 998 esse
557 933 655 1008 dicit,
679 940 716 996 ut
733 933 869 1013 juvenis
894 934 1049 1014 quidam,
1076 936 1277 1010 canonicus,
1301 937 1337 997 in
1359 938 1490 1017 episco-

309 1051 389 1113 pum
404 1039 613 1112 assumptus,
633 1031 669 1093 in
689 1031 845 1106 taberna,
866 1032 925 1094 ubi
939 1032 1018 1095 ludo
1033 1032 1248 1109 intendebat,
1271 1035 1388 1099 eodem
1404 1043 1489 1099 tem-

310 1130 400 1210 poris
423 1138 546 1210 puncto
568 1129 687 1192 lateret
713 1148 720 1190 :
751 1154 764 1186 ι
792 1129 870 1210 qui,
899 1130 1013 1192 statim
1037 1138 1074 1193 ut
1101 1149 1137 1194 se
1163 1131 1248 1194 vidit
1274 1131 1487 1212 episcopmn,

310 1236 458 1291 mutatus
470 1228 506 1289 in
524 1227 634 1290 virum
650 1227 808 1302 alterum,
826 1227 940 1290 omnia
952 1245 1025 1308 quae
1045 1236 1141 1290 erant
1159 1229 1262 1308 digna
1280 1230 1389 1292 officio
1407 1231 1490 1294 adeo

309 1326 346 1389 in
363 1345 399 1390 se
414 1325 659 1407 perfectissime
674 1324 853 1400 ordinavit,
866 1332 902 1388 ut
913 1325 1043 1388 nullum
1059 1326 1206 1408 antiquae
1218 1327 1294 1390 vitae
1308 1328 1490 1408 vestigium

309 1432 509 1500 remaneret,
526 1425 585 1490 sed
599 1424 690 1487 credi
704 1432 817 1504 posset
832 1424 923 1486 omni
942 1432 1090 1506 tempore
1104 1427 1292 1506 praeluisse.
1313 1452 1328 1483 ι
1344 1463 1384 1473 -
1400 1453 1414 1484 ι
1432 1428 1490 1490 Li-

310 1531 361 1589 cet
374 1533 497 1600 autem,
515 1524 573 1599 ait,
590 1524 626 1586 in
638 1524 761 1605 juvene
777 1523 852 1599 isto,
872 1523 966 1603 prius
982 1524 1122 1587 vanitati
1137 1525 1265 1598 dedito,
1285 1525 1489 1605 eligentibus

310 1643 387 1688 eum
410 1631 477 1686 tam
495 1624 581 1686 bene
600 1629 632 1686 et
655 1623 824 1685 fortunate
847 1621 1065 1696 successerit,
1087 1622 1180 1686 nullo
1200 1631 1312 1686 tamen
1333 1624 1430 1687 modo
1452 1624 1488 1687 in

310 1721 587 1786 consuetudinem
616 1725 667 1782 est
693 1719 912 1794 trahendum,
938 1719 998 1781 ubi
1018 1720 1074 1782 via
1097 1721 1220 1784 certior
1245 1721 1368 1801 poterit
1393 1722 1489 1786 inve·

311 1821 379 1884 uiri
393 1823 414 1882 ¹.
433 1845 447 1878 ι
464 1822 550 1897 Quot
565 1819 657 1882 enim
673 1818 812 1899 praelati,
829 1818 987 1898 imposito
1003 1838 1143 1884 munere
1159 1820 1246 1884 male
1257 1821 1376 1895 lnncti,
1394 1821 1488 1883 dam-

310 1926 465 1984 natorum
485 1917 697 1981 multitudini
716 1926 791 1997 post
814 1925 955 1980 mortem
975 1918 1125 1999 adjuncti
1144 1925 1238 1993 sunt,
1263 1919 1417 2000 episcopo
1436 1919 1488 1980 illi

310 2017 454 2092 similes,
473 2035 572 2098 quern
588 2036 607 2079 a
622 2016 829 2079 dromonibus
849 2016 1011 2077 nudatum
1031 2024 1064 2079 et
1082 2016 1172 2080 inter
1190 2017 1335 2098 ejulatus
1351 2017 1393 2079 ad
1407 2020 1489 2080 Tar·

310 2121 383 2176 tara
407 2121 550 2176 tractam
574 2121 687 2176 noster
709 2105 897 2191 depingit²t
915 2113 1153 2174 Describendis
1175 2113 1275 2175 etiam
1299 2113 1486 2192 suppliciis

312 2211 428 2292 quaein
439 2210 572 2273 inferno
584 2210 682 2273 malis
695 2209 860 2290 episcopis
873 2216 1100 2283 reservantur,
1115 2209 1259 2271 libenter
1271 2209 1327 2271 dat
1339 2228 1486 2288 operam,

311 2315 349 2372 ut
364 2328 402 2372 ex
418 2327 456 2372 co
470 2309 542 2372 loco
557 2315 658 2396 patet,
674 2308 731 2370 ubi
748 2307 883 2388 quidam
900 2315 1036 2387 apparet
1051 2307 1334 2387 archiepiscopus
1347 2307 1402 2370 bis
1418 2326 1488 2370 ver·

311 2408 363 2471 bis
386 2428 405 2470 a
426 2408 558 2470 diabolo
578 2414 733 2486 exceptus
751 2426 758 2468 :
778 2421 796 2462 <c
812 2408 903 2470 Bene
921 2406 1053 2481 venias,
1073 2404 1306 2486 archipraesul!
1324 2408 1415 2469 Bono
1431 2425 1488 2468 ve-

313 2533 327 2564 ι
352 2506 441 2570 nias!
459 2508 562 2570 bibas
575 2526 650 2570 ecce
664 2507 703 2569 de
718 2505 836 2585 poculo
849 2525 934 2580 meo,
949 2505 1029 2586 quia
1043 2505 1128 2567 mihi
1141 2506 1239 2586 longo
1251 2514 1398 2586 temporo
1412 2505 1488 2568 lide·

313 2631 326 2662 ι
351 2605 429 2669 liter
443 2612 475 2669 et
491 2605 750 2685 infatigabiliter
765 2594 989 2668 deserviisti³.
1009 2629 1023 2660 ι

871 2957 929 3032 xl

553 3227 605 3284 DE
632 3225 775 3283 PRAVIS
802 3226 1024 3283 MULTORUM
1052 3225 1240 3283 MORIBUS.

353 3527 383 3588 A
397 3525 530 3588 clericis
545 3532 577 3589 et
591 3523 761 3604 religiosis
782 3526 942 3605 frequens
963 3524 1004 3586 ad
1024 3524 1128 3587 laicos
1148 3542 1323 3598 excursus,
1341 3525 1491 3606 quoties-

314 3639 458 3702 cumque
473 3622 513 3686 de
527 3622 788 3696 incontinentia,
803 3623 843 3685 de
862 3622 950 3684 malo
967 3620 1123 3683 ludorum
1136 3639 1202 3684 usu
1217 3622 1406 3702 ceterisque
1421 3620 1491 3685 illis

315 3719 408 3781 vitiis
423 3720 460 3780 nt
475 3737 596 3792 sermo,
614 3737 686 3798 quae
701 3719 789 3798 apud
802 3717 969 3792 homines,
984 3719 1019 3778 in
1035 3736 1246 3798 quocumque
1261 3719 1375 3779 vivant
1389 3725 1490 3792 statu,

315 3815 594 3896 deprehendenda
615 3823 704 3878 sunt.
721 3816 881 3891 Quamvis
901 3816 991 3877 enim
1011 3816 1145 3878 Thomas
1162 3815 1413 3894 Cantipratensi
1433 3834 1493 3893 po-

315 3914 485 3976 tissimum
501 3914 705 3978 destinatum
721 3914 766 3975 sit
781 3912 1019 3976 ecclesiasticis
1036 3914 1186 3975 moribus
1202 3914 1351 3986 studere,
1371 3912 1406 3973 id
1426 3931 1492 3975 non

315 4012 383 4074 sibi
395 4010 534 4074 vetitum
549 4030 622 4074 esso
634 4011 765 4074 censuit
777 4019 814 4072 ut
826 4011 993 4073 castitatis
1004 4011 1056 4072 vel
1070 4011 1282 4073 abstinentiae
1294 4011 1494 4072 documenta

315 4109 351 4170 in
366 4108 436 4171 illis
452 4108 554 4170 etiam
569 4107 747 4187 quaereret,
764 4107 823 4186 qni
839 4124 900 4168 nec
915 4106 1110 4184 impositum
1125 4106 1289 4169 monacho
1304 4106 1491 4180 cucullum,

315 4224 377 4268 nec
391 4205 582 4284 presbyteri
597 4205 648 4266 vel
666 4203 780 4265 clerici
796 4209 921 4264 vestem
940 4203 1120 4264 deferrent.

355 4303 512 4366 Ceterum
537 4302 574 4363 in
596 4301 716 4381 primis
739 4299 1075 4362 animadvertendum
1103 4307 1154 4364 est
1175 4310 1345 4368 auctorem
1370 4320 1437 4364 non
1459 4303 1494 4364 id

316 4401 382 4464 sibi
398 4400 627 4481 proposuisse,
645 4406 681 4462 ut
697 4398 871 4461 bominum
888 4417 1014 4472 mores,
1032 4399 1148 4480 quales
1163 4399 1199 4461 in
1215 4418 1348 4463 summa
1362 4407 1494 4476 essent,

350 4626 371 4678 l.
388 4626 410 4688 l,
426 4638 457 4690 n,
474 4625 528 4678 t-l.

348 4709 374 4760 i.
388 4709 410 4765 l,
426 4720 469 4768 ιιι,
484 4708 508 4760 l.

330 4791 372 4840 ²3.
389 4790 410 4846 l.
429 4802 471 4842 ιιι.
486 4792 507 4838 t.
