3644 5450
872 629 1012 687 ..2-

354 777 460 842 pauca
475 760 515 824 dc
528 759 663 823 Thomae
676 759 763 834 vita,
782 758 823 822 dc
838 757 980 840 reliquis
1000 759 1073 840 ojus
1091 757 1189 822 libris
1208 757 1371 828 nonnulla
1387 758 1528 823 dicenda

354 865 444 922 sunt.

393 956 486 1018 Inter
497 961 650 1017 auctores
665 952 821 1017 convenit
830 953 991 1016 'rhomam
1005 953 1041 1015 in
1056 953 1139 1016 urbe
1154 954 1290 1019 Leuwis
1306 954 1420 1022 Sancti
1435 953 1528 1018 Petri

352 1052 441 1116 dicta
451 1056 461 1098 ¹
473 1061 505 1116 et
513 1071 615 1134 prope
625 1050 818 1115 Bruxellam
833 1052 899 1116 sita
911 1059 1028 1114 natum
1040 1069 1129 1128 esse;
1144 1053 1233 1132 quod
1245 1052 1382 1133 quidem
1395 1052 1448 1115 illi
1461 1071 1527 1134 qua

352 1151 550 1214 auctoritate
568 1149 647 1212 fulti
668 1150 874 1214 asseruerint
898 1151 1108 1229 ignoramus,
1131 1150 1199 1213 nisi
1217 1152 1303 1215 forte
1324 1151 1527 1232 quibusdam

352 1247 486 1309 Thomae
509 1247 621 1309 verbis
641 1247 807 1307 innitatur
828 1246 898 1308 lnec
918 1264 1033 1308 eorum
1050 1247 1175 1325 opinio,
1196 1247 1320 1326 quibus
1333 1246 1392 1309 ille
1412 1255 1527 1309 narrat

266 1361 267 1364 ¹
351 1343 399 1405 ibi
421 1352 534 1407 natam
548 1343 655 1406 aetatis
670 1351 833 1422 provectae
854 1342 1046 1418 mulierem,
1060 1345 1167 1424 patris
1182 1344 1236 1406 sui
1255 1343 1490 1406 consobrinam
1499 1337 1524 1405 ².

351 1441 400 1502 Dc
422 1441 532 1520 patria
555 1447 645 1503 certa
671 1440 811 1503 minime
840 1440 1079 1515 dubitandum,
1105 1458 1181 1502 cnm
1210 1457 1249 1502 ex
1271 1439 1428 1502 omnibus
1453 1439 1525 1520 ejus

351 1537 485 1616 scriptis
503 1536 601 1599 illum
615 1554 633 1599 e
648 1537 832 1599 Brabantia
847 1537 1026 1599 oriundum
1043 1554 1117 1600 esse
1137 1536 1318 1599 manifesto
1337 1542 1460 1615 pateat.
1477 1538 1526 1599 De

351 1650 439 1696 anno
468 1633 573 1696 natali
599 1640 886 1713 parumconstat‚
917 1633 981 1695 etsi
1003 1632 1146 1712 quodam
1167 1633 1239 1695 loco
1264 1633 1346 1694 dicit
1367 1651 1403 1696 se
1430 1649 1526 1696 sexa-

350 1731 444 1808 ginta
466 1748 571 1792 annos
593 1738 710 1792 natum
731 1748 822 1804 esse,
844 1747 913 1791 uno
937 1729 1049 1791 minus
1064 1719 1087 1790 ⁸.
1104 1729 1189 1792 Cum
1208 1738 1320 1791 autem
1343 1728 1468 1790 librum
1486 1731 1526 1790 De

348 1830 467 1906 apibus,
485 1828 603 1907 inquo
621 1826 683 1889 hoc
700 1827 845 1907 scripsit,
862 1826 952 1889 inter
967 1844 1073 1888 annos
1089 1827 1130 1888 ab
1148 1826 1380 1889 incarnatione
1394 1825 1524 1889 Christi

350 1924 550 1988 MCCLVIII
574 1933 606 1987 et
627 1923 794 1986 MCCLXI
813 1921 1026 1986 inchoavisse
1048 1929 1080 1985 et
1100 1921 1284 1986 absolvisse
1306 1922 1469 1998 videatur,
1488 1922 1524 1984 id

348 2039 455 2084 unum
470 2039 531 2085 nos
544 2021 695 2101 profiteri
706 2020 861 2093 velimus,
875 2020 1036 2082 Thomam
1048 2019 1339 2100 Cantipratensem
1354 2038 1441 2082 anno
1456 2020 1523 2082 cir-

349 2119 432 2183 citer
447 2118 536 2183 MCC
553 2119 715 2198 genitum.

389 2218 523 2280 Patrem
542 2217 661 2279 habuit
683 2215 830 2280 nobilem
851 2234 988 2295 genere,
1009 2217 1216 2296 militarique
1237 2216 1372 2296 cingulo
1390 2217 1522 2280 accinc-

348 2324 437 2388 tum,
455 2334 554 2397 quem
569 2316 642 2396 ipse
656 2315 737 2378 olim
754 2317 817 2378 sub
832 2316 976 2378 Ricardo
989 2316 1112 2396 primo,
1132 2315 1262 2395 Angliae
1276 2334 1375 2395 rege,
1393 2316 1429 2377 in
1445 2317 1522 2378 Bri-

348 2415 466 2479 tannia
484 2415 614 2478 minore
629 2415 682 2478 vel
699 2414 821 2478 vicinis
837 2415 989 2494 partibus
1011 2414 1137 2477 bellum
1161 2415 1306 2494 gessisse
1326 2415 1440 2478 dicit⁴.
1457 2415 1522 2477 Hic

348 2529 424 2574 cum
455 2513 491 2574 in
524 2515 661 2576 Terram
691 2514 847 2576 Sanctam
873 2506 971 2576 cruce
1001 2512 1153 2592 signatus
1182 2512 1390 2588 devenisset,
1417 2513 1454 2575 in
1483 2530 1521 2575 co

347 2618 476 2684 monte,
500 2628 600 2690 quem
618 2627 680 2673 sua
700 2608 818 2688 lingua
838 2609 959 2672 Franci
983 2609 1126 2688 Nigrum
1141 2610 1320 2685 vocabant,
1344 2610 1521 2690 quemdam

347 2706 521 2769 eremitam
540 2714 676 2784 peccata
699 2707 916 2769 confessurus
934 2706 1034 2781 adiit,
1059 2723 1159 2786 aquo
1176 2723 1374 2785 responsum
1394 2706 1521 2785 accepit

346 2820 383 2866 se
404 2803 569 2866 admissas
590 2803 704 2885 culpas
720 2821 780 2883 per
801 2803 1031 2883 paenitentiam
1051 2821 1118 2865 non
1140 2822 1179 2866 ex
1199 2803 1291 2866 facili
1315 2802 1518 2877 diluturum,

346 2900 406 2963 scd
420 2901 449 2963 si
466 2900 574 2963 tilium
589 2901 745 2978 haberet,
767 2919 910 2982 eumque
927 2901 1116 2963 litterarum
1140 2902 1308 2964 addiceret
1330 2901 1456 2977 studio,
1473 2901 1521 2962 ita

345 3006 382 3061 ut
397 3001 551 3064 sacerdos
569 3000 697 3065 Christi
718 3001 828 3078 lieret,
845 3019 904 3082 per
923 3000 1014 3062 hunc
1029 3018 1065 3064 se
1081 3001 1269 3064 obtinendae
1284 2999 1404 3064 salutis
1427 3018 1520 3081 spem

344 3097 551 3161 habiturum.
569 3102 737 3163 Reversus
759 3117 837 3178 crgo
854 3099 952 3161 miles
967 3099 1004 3159 in
1025 3099 1179 3178 patriam,
1196 3099 1320 3174 filium,
1339 3108 1419 3160 tunc
1437 3116 1520 3179 pue-

343 3213 434 3271 rum,
454 3196 570 3261 multis
588 3199 744 3276 precibus
763 3207 794 3261 et
809 3198 958 3260 lacrimis
974 3198 1125 3260 obsecrat
1145 3205 1182 3260 ut
1204 3198 1246 3260 ad
1260 3198 1409 3261 studium
1428 3197 1519 3260 litte·

343 3310 458 3354 rarum
471 3311 506 3355 se
522 3296 681 3369 conferat,
699 3313 842 3375 eumque
853 3296 895 3356 ad
907 3295 1057 3356 caelibem
1068 3296 1170 3356 vitam
1181 3304 1352 3374 provocat;
1369 3295 1518 3374 paternis

343 3390 422 3453 inde
442 3390 688 3455 hortationibus
709 3392 818 3455 victus
833 3392 977 3454 Thomas
1000 3392 1041 3454 ad
1060 3390 1191 3455 scholas
1212 3391 1374 3466 mittitur,
1396 3391 1519 3472 pioque

343 3489 452 3551 ollicio
463 3507 523 3568 per
535 3490 657 3552 multos
670 3507 776 3553 annos
794 3507 861 3551 non
876 3490 1035 3569 segniter,
1051 3497 1089 3551 ut
1103 3489 1175 3570 ipse
1191 3499 1315 3566 narrat,
1329 3489 1516 3552 incumbit:

344 3611 359 3642 a
376 3592 409 3648 et
424 3604 540 3666 spero,
559 3588 623 3663 ait,
648 3587 763 3650 divina
787 3587 993 3666 suffragante
1018 3587 1140 3666 gratia,
1165 3588 1254 3668 quod
1275 3596 1344 3651 tam
1365 3605 1424 3668 per
1444 3605 1515 3663 mc,

342 3684 407 3748 etsi
421 3686 535 3748 minus
551 3687 726 3761 idoneum,
743 3704 843 3767 quam
857 3705 917 3767 per
932 3685 1027 3763 alios,
1046 3705 1129 3767 quos
1147 3688 1281 3768 publice
1300 3688 1336 3750 in
1353 3688 1519 3750 sermoni·

341 3783 404 3846 bus
422 3784 475 3849 vel
490 3795 617 3848 secrete
632 3786 667 3847 in
686 3785 828 3848 consilio
842 3786 883 3848 ad
900 3787 1063 3848 orandum
1077 3804 1137 3866 pro
1151 3787 1210 3850 illo
1229 3787 1390 3851 inducere
1406 3787 1517 3849 effica-

341 3879 426 3943 citer
443 3882 554 3962 potui,
579 3881 712 3962 adjutus
739 3882 783 3945 sit
804 3880 920 3944 multis
944 3883 1063 3945 modis.
1092 3882 1178 3944 Mihi
1205 3900 1337 3962 quoque
1360 3881 1516 3945 Christus

341 3977 437 4040 testis
453 3978 497 4040 sit
510 3979 609 4059 quod,
626 3978 656 4041 si
671 3978 805 4060 quando
817 3997 877 4059 pro
892 3997 931 4041 eo
943 3978 1115 4064 celebrare
1128 3978 1348 4054 distulissem,
1359 3978 1443 4042 alias
1455 3980 1515 4041 im-

339 4073 490 4152 peditus,
512 4075 584 4155 ipse
605 4076 692 4137 mihi
716 4077 896 4158 apparebat
916 4077 952 4139 in
968 4077 1113 4152 somnis,
1137 4084 1170 4140 ot
1184 4077 1342 4140 manibus
1356 4077 1513 4152 ostensis,

371 4377 393 4429 1.
408 4377 493 4429 Urbis
508 4392 610 4430 noman
629 4379 654 4434 J.
672 4379 770 4440 Quttn
785 4387 812 4432 at
826 4381 851 4433 J.
867 4367 976 4432 ilchard
996 4382 1083 4432 latina
1100 4382 1196 4448 lingua
1214 4383 1268 4434 hcc
1288 4384 1371 4434 modo
1390 4384 1514 4448 scripse·

338 4463 403 4507 runt
417 4459 587 4522 (Scriptores
599 4463 713 4511 ordinis
727 4463 961 4524 predicatorum,
978 4467 996 4513 t.
1010 4461 1032 4526 1,
1049 4477 1077 4526 p.
1093 4461 1140 4514 2⁵0
1153 4463 1188 4528 a).

369 4538 392 4588 2.
413 4538 526 4590 Thomas
546 4539 767 4604 cantipratanum
786 4547 899 4594 Bonum
919 4545 1082 4596 uniuersale
1102 4545 1136 4594 da
1157 4545 1274 4606 apibus,
1290 4557 1376 4608 opera
1398 4542 1511 4609 Georgii

229 4596 231 4601 ’
338 4616 497 4688 colmam
511 4633 585 4670 anno
601 4620 661 4672 rcrr
676 4623 751 4686 typis
765 4623 996 4686 mandaturum.
1012 4623 1281 4688 11,aap.xnx,rc.

369 4698 393 4750 3.
408 4701 490 4762 lota,
503 4700 552 4750 lib.
565 4699 600 4761 ll,
616 4714 677 4764 cap.
690 4711 760 4762 xxx,
776 4701 789 4765 Ι
803 4701 842 4753 ld.

368 4777 392 4832 l.
409 4777 445 4840 11,
460 4790 529 4842 arn,
543 4779 585 4833 28.
