3644 5450
378 745 507 814 Versus
523 751 615 830 operi
635 751 778 816 Thomas
794 752 961 815 interdum
978 751 1127 826 inclusit,
1145 768 1212 813 non
1229 766 1285 814 eos
1300 756 1413 814 tamen
1428 750 1517 816 unde

342 845 422 909 honi
437 855 541 927 poetae
557 848 622 911 silai
636 851 758 911 lamam
773 850 962 929 acquireret
972 852 994 924 ¹,
1010 850 1098 912 inter
1110 868 1193 929 ques
1208 849 1292 911 iilud
1304 857 1435 912 tanturn
1448 868 1519 912 cara

339 963 416 1008 meu
432 947 601 1009 memoriae
615 948 915 1010 commendandum
932 955 992 1020 cst,
1007 947 1095 1027 quod
1109 947 1301 1026 petentibus
1314 947 1516 1026 quibusdam

338 1043 467 1105 ordinis
486 1045 539 1106 sui
555 1045 729 1108 monachis
748 1046 788 1108 de
803 1047 950 1110 iordane
965 1046 1224 1108 Praedicaterum
1245 1045 1405 1123 magistro
1425 1064 1516 1108 com-

337 1135 483 1219 posnit².

378 1239 473 1313 ered
504 1240 534 1300 si
563 1258 629 1301 uon
655 1241 744 1302 iuter
769 1249 900 1320 poetas,
933 1241 1022 1302 inter
1048 1241 1160 1302 doctos
1187 1240 1306 1302 saitem
1338 1239 1514 1302 habendus

338 1341 389 1396 est
411 1336 473 1408 vir,
498 1345 535 1398 ut
560 1338 723 1400 asseritur
742 1338 907 1400 hebraicae
928 1338 1052 1416 liuguae
1077 1337 1204 1416 peritus
1220 1326 1249 1410 ³,
1275 1335 1392 1408 latina,
1416 1337 1514 1416 quasi

336 1432 481 1511 propria,
495 1451 596 1508 usus3
612 1435 838 1512 germanicam
853 1434 884 1496 ei
900 1434 1103 1496 familiarem
1118 1433 1225 1495 inisse
1241 1452 1279 1495 ex
1294 1432 1398 1495 variis
1413 1432 1513 1494 libro-

336 1548 410 1591 rum
428 1530 468 1592 de
491 1538 612 1593 natura
628 1551 741 1593 rerum
763 1531 845 1594 locis
866 1539 1001 1610 apparet
1015 1533 1036 1601 ⁴,
1056 1531 1133 1592 licet
1149 1529 1306 1608 gallicum
1324 1547 1512 1592 sermonem

316 1625 388 1686 illi
412 1627 563 1688 nativum
585 1636 616 1690 ct
636 1629 853 1690 domesticum
875 1629 981 1702 inisse
1003 1627 1179 1706 sequentia
1196 1627 1359 1704 probent:
1385 1651 1398 1682 ι
1421 1626 1513 1688 Dixit

335 1731 446 1787 autem
462 1725 547 1785 milri
563 1726 649 1806 ‹prrod
666 1726 847 1788 (insunuans
863 1727 1052 1788 mitulorum
1070 1725 1104 1786 in
1122 1725 1193 1804 ipsu
1209 1731 1320 1799 caritu,
1340 1743 1423 1804 qnos
1442 1724 1512 1803 gai-

334 1822 397 1886 lice
420 1827 551 1886 aeatiirs
566 1824 724 1896 dicimus,
744 1832 841 1887 luntre
861 1825 1011 1888 melodice
1032 1844 1069 1887 ao
1085 1823 1273 1886 dulcedinis
1295 1831 1407 1898 eraut,
1424 1823 1513 1904 quod

335 1923 402 1986 uisi
418 1927 509 1986 Deus
525 1924 623 1987 aliter
640 1924 840 1998 ordinasset,
859 1925 928 1986 lcrc
944 1925 1016 2005 ojus
1032 1924 1178 1986 animaru
1196 1930 1288 1986 extra
1302 1940 1421 2002 corpus
1437 1923 1512 1986 siue

335 2021 444 2084 reditu
460 2021 653 2101 rapuissent
665 2027 688 2082 ⁵.
708 2047 721 2077 s
739 2059 778 2066 -
795 2047 808 2078 a
826 2021 954 2085 Gallice
969 2021 1181 2101 proverbium
1197 2009 1332 2093 dicitnr',
1349 2028 1381 2082 et
1397 2020 1511 2084 nescio

335 2118 364 2180 si
376 2118 440 2200 (sie)
457 2119 559 2182 verbe
573 2119 680 2182 latina
695 2120 865 2183 sufficiant
882 2140 888 2180 :
908 2145 922 2176 ιι
940 2120 1007 2184 Ubi
1023 2120 1110 2181 bona
1125 2118 1287 2192 custodia,
1306 2118 1356 2179 ihi
1374 2125 1406 2180 et
1423 2118 1510 2180 hona

335 2219 430 2295 pari.
449 2241 463 2273 a
480 2243 547 2273 -ι
564 2216 686 2280 Gallici
701 2217 833 2295 vulgari
845 2216 1021 2296 proverbio
1038 2224 1189 2289 utuntur,
1204 2223 1236 2278 et
1248 2213 1385 2277 dicunt:
1405 2239 1418 2270 ι
1437 2217 1510 2277 Βοιι

332 2313 389 2377 vin
411 2333 523 2379 crasse
545 2316 649 2378 iarmc
666 2315 922 2389 silicernius,
943 2341 956 2371 ιι
981 2315 1069 2396 quod
1089 2314 1211 2390 latine,
1229 2313 1292 2376 etsi
1314 2331 1381 2375 nou
1396 2332 1508 2394 mque,

331 2412 380 2475 sic
395 2413 518 2476 dicitur
538 2434 544 2474 :
564 2440 577 2470 ι
595 2417 725 2476 Βοιιιιιιι
745 2415 860 2476 νίιιιιιιι
876 2414 1034 2493 pinguem
1050 2413 1223 2475 lacrimam
1240 2412 1280 2474 ad
1296 2411 1430 2474 oculum
1445 2411 1507 2475 dn·

331 2511 408 2572 citt
430 2513 509 2574 »Dc
533 2512 637 2574 ueniti
660 2511 802 2592 quadum
822 2511 948 2590 puelia,
970 2511 1192 2583 Braimutinn,
1215 2517 1329 2571 narrat
1351 2527 1424 2571 eam
1447 2509 1508 2571 sti·

330 2608 479 2672 mulante
494 2609 635 2672 libidine
650 2612 685 2670 iu
702 2629 739 2671 co
758 2610 863 2672 luisse
883 2617 919 2671 nt
938 2609 1049 2671 medin
1065 2617 1159 2670 nocte
1175 2617 1327 2686 surgeret
1348 2613 1448 2686 atque
1466 2607 1508 2670 ad

326 2706 503 2786 juvenem,
524 2726 622 2788 qncm
639 2708 816 2786 diligebat,
833 2717 1048 2786 properaret:
1068 2733 1081 2763 ι
1099 2710 1169 2770 Nec
1188 2725 1298 2780 mora,
1317 2706 1365 2767 ait
1381 2713 1504 2780 noster,

328 2804 386 2866 uiri
409 2823 550 2882 surgens
569 2805 683 2868 oculos
700 2806 844 2886 aperuit,
863 2807 945 2867 vidit
962 2806 1133 2868 Christum
1152 2805 1249 2884 (prasi
1266 2804 1374 2883 plagis
1389 2805 1506 2866 recen-

329 2899 419 2963 tibus
434 2903 641 2977 crucillxnm,
660 2903 729 2966 leui
745 2922 899 2966 sermone
917 2903 1084 2965 dicentem
1099 2903 1165 2964 sibi
1180 2903 1297 2982 lingua
1311 2903 1419 2982 patria
1436 2923 1443 2963 :

546 3053 610 3117 Moy
626 3054 688 3104 dois
703 3069 787 3114 amer,
801 3056 828 3116 je
843 3055 886 3104 sui
903 3054 959 3103 tres
972 3055 1066 3110 biens,

547 3135 622 3184 Bous
637 3139 665 3184 et
679 3135 761 3193 douz,
777 3136 874 3185 nobles
887 3142 915 3184 et
929 3136 1019 3185 loiaus
1031 3137 1050 3185 ⁸.

327 3266 488 3330 Thomam
509 3285 588 3330 vero
610 3266 673 3329 hoc
694 3285 848 3329 sermone
871 3265 1069 3346 plerumque
1093 3284 1192 3328 usum
1213 3284 1287 3329 esse
1314 3267 1410 3346 plura
1431 3267 1503 3348 ejus

360 3489 381 3543 i.
398 3491 419 3550 l,
434 3503 494 3546 xix.
511 3491 542 3552 ³3
558 3489 579 3548 1,
596 3502 644 3552 xx,
662 3491 685 3550 5,
701 3494 754 3541 ete.

356 3571 380 3622 3.
398 3571 432 3634 il,
448 3583 516 3630 evit,
530 3569 568 3621 51.
586 3570 700 3620 i‘rosam
717 3571 789 3619 iilam
807 3570 981 3620 Bollaudisui
1000 3574 1153 3622 internata
1169 3577 1352 3632 Sanctorum,
1368 3573 1502 3623 februarii

326 3652 429 3702 mensis
445 3656 520 3701 tomo
536 3652 571 3711 li,
588 3652 633 3700 die
652 3652 688 3708 13,
706 3652 806 3715 pagiua
819 3651 874 3708 tte.
891 3653 966 3715 typis
983 3653 1157 3702 mandavere.

358 3723 381 3782 3.
396 3732 554 3782 Tractatum
569 3747 602 3782 ex
619 3732 749 3782 hebraico
765 3746 894 3782 sermono
909 3733 937 3781 in
953 3734 1068 3782 latinum
1083 3736 1117 3782 nb
1132 3747 1165 3784 eo
1180 3747 1291 3784 versum
1305 3747 1434 3785 essenon
1445 3748 1504 3784 eur*-

325 3813 393 3864 nino
408 3819 512 3862 certum
529 3819 589 3870 ests
601 3813 634 3861 de
651 3828 705 3876 nuo
721 3827 815 3876 supra.

356 3893 380 3944 i.
398 3894 457 3944 iloc
479 3893 605 3956 pluribus
626 3894 712 3942 initus
732 3894 866 3956 excerptis
887 3893 1088 3945 domonstravit
1109 3895 1268 3960 Lcepoidus
1288 3895 1392 3946 Deiislo
1408 3909 1414 3946 :
1431 3899 1503 3947 litet.

325 3975 462 4025 titldrntre
479 3977 513 4022 dc
529 3977 554 4022 ta
570 3977 688 4032 Franco,
705 3977 723 4022 t.
740 3973 825 4035 XXX,
844 3987 870 4037 p.
886 3973 940 4024 375.

356 4058 378 4108 3.
396 4056 418 4114 l,
434 4066 478 4115 ιι,
492 4054 515 4104 3.

355 4135 430 4198 t.11,
446 4147 486 4197 ιι,
501 4134 526 4197 l,
543 4149 569 4196 p.
589 4132 642 4184 ¹90.
658 4152 663 4162 ·

354 4216 379 4266 7.
398 4215 433 4272 ll,
449 4226 495 4273 ιιι,
510 4214 533 4264 n.

353 4295 376 4344 8.
394 4295 428 4350 ll,
445 4304 513 4353 nvn,
527 4292 567 4342 25.
584 4291 689 4341 Versus
709 4305 724 4340 e
744 4291 841 4340 codice
858 4291 1009 4342 Parisinusi
1029 4293 1091 4344 3303
1110 4295 1350 4359 transcripsimus,
1366 4309 1437 4359 ques
1457 4311 1503 4360 pa·

324 4375 392 4423 riter
403 4371 600 4427 Oelvenerius,
616 4376 708 4434 sprota
723 4376 814 4420 tamen
829 4371 945 4435 antiqua
959 4374 1107 4424 verborum
1124 4375 1225 4433 lorms,
1240 4375 1325 4424 dedit.
1343 4375 1374 4425 ln
1389 4376 1502 4438 quibus·

323 4455 385 4504 duur
402 4468 468 4504 vero
484 4453 638 4514 codicibus,
651 4455 682 4502 nt
696 4452 724 4501 in
740 4451 962 4503 claromontensi
977 4458 1005 4502 et
1021 4453 1171 4504 Parisinusi
1186 4455 1256 4516 3585,
1268 4470 1324 4506 nou
1336 4456 1432 4506 eadem
1446 4457 1501 4507 iilis

323 4535 431 4598 species
446 4538 488 4583 ost
504 4547 510 4583 :

563 4613 609 4656 litai
622 4613 670 4655 deis
684 4623 754 4664 omer,
764 4612 788 4668 J'e
800 4613 846 4656 suis
858 4613 904 4656 tres
915 4613 992 4665 biens.

562 4685 587 4728 Li
601 4686 664 4737 bons,
677 4685 692 4727 li
707 4685 769 4736 dens.
785 4687 808 4728 et
819 4685 836 4728 ii
849 4685 895 4728 tres
906 4687 971 4731 heae.

322 4777 363 4828 De
378 4791 434 4842 quo
449 4775 513 4827 ride
529 4774 687 4828 colvenerii
703 4775 908 4838 adnotationes,
924 4792 950 4841 p.
969 4775 1084 4829 tte-tat.
