3644 5450
836 583 994 652 ..3ο-

326 719 420 800 gardi
432 739 491 800 per
502 721 738 802 loquacitatem
752 739 903 785 sororum
916 739 1053 784 suarum
1063 722 1278 799 innotuisset,
1288 722 1348 786 illa
1358 726 1501 806 quadam

326 821 379 882 die
400 819 561 882 Thomam
581 818 646 880 sibi
667 819 871 882 assidentem
896 818 989 896 gravi
1015 817 1109 881 vultu
1135 819 1272 883 intuens
1297 842 1304 882 :
1328 847 1341 878 α
1365 823 1500 898 Audivi,

327 943 341 975 «ι
365 917 488 997 inquit,
506 916 556 976 fili
572 916 763 989 carissime,
780 916 860 996 quia
874 935 1011 977 manum
1026 916 1111 976 mihi
1126 924 1200 996 post
1213 926 1353 981 mortem
1368 920 1502 982 abscin-

327 1041 341 1074 α
365 1015 443 1078 dere
455 1015 526 1096 jam
539 1013 700 1092 disponis.
715 1015 763 1075 Tu
777 1020 888 1076 autem
902 1014 983 1094 quid
997 1014 1037 1077 de
1050 1033 1150 1076 manu
1163 1033 1237 1077 mea
1251 1015 1361 1080 iacere
1377 1019 1501 1097 cogites

327 1141 341 1174 α
365 1114 508 1177 multum
529 1113 644 1175 miror.
666 1113 737 1174 »lit
758 1112 832 1186 ille,
850 1113 971 1175 rubore
992 1113 1173 1191 perinsus:
1193 1139 1206 1170 x
1230 1114 1336 1178 Credo
1355 1117 1444 1196 quod
1464 1117 1501 1179 in

326 1239 340 1271 «
363 1214 489 1276 bonum
509 1212 629 1275 animae
652 1220 685 1273 et
708 1211 856 1290 corporis
876 1211 942 1273 mei
962 1219 1020 1273 tua
1037 1211 1122 1272 mihi
1142 1230 1261 1276 manus
1283 1213 1453 1290 obveniet,
1471 1217 1501 1278 si

326 1336 341 1369 a
365 1329 438 1374 eam
453 1327 650 1389 consequar,
668 1316 705 1369 ut
721 1308 870 1370 intendo.
890 1333 903 1364 n
920 1311 1013 1371 Tune
1028 1308 1087 1370 illa
1102 1327 1236 1384 sereno,
1252 1318 1290 1372 ut
1304 1319 1391 1386 erat,
1405 1312 1501 1375 vultu

324 1404 1500 1483 mmmmwmmmfflmmfflmmmmmmi

324 1506 398 1567 nari
414 1505 586 1575 fenestrae,
601 1503 637 1563 in
653 1521 720 1582 qua
734 1501 1025 1581 colloquebantur.
1043 1520 1193 1580 ponens:
1213 1529 1227 1559 a
1247 1504 1354 1578 Satis,
1371 1505 1498 1586 inquit,

325 1629 339 1660 a
363 1604 426 1665 tibi
442 1603 605 1676 sufficiet,
625 1619 701 1663 cum
720 1601 824 1663 isium
843 1600 986 1678 digitum
1001 1608 1075 1679 post
1096 1610 1236 1663 mortem
1252 1620 1361 1664 meam
1375 1601 1499 1666 hahere

325 1725 339 1757 a
363 1699 524 1780 potueris.
545 1723 558 1753 »
576 1698 639 1761 Cui
654 1698 813 1772 Thomas,
831 1698 1054 1760 confidentius
1070 1699 1140 1778 jam
1161 1699 1340 1761 invectus:
1358 1723 1372 1756 α
1391 1699 1498 1774 Nihil,

325 1823 339 1853 a
364 1797 491 1877 inquit,
515 1794 601 1855 mihi
623 1812 662 1855 ex
688 1802 763 1868 tuo,
786 1802 903 1868 mater,
929 1812 1065 1872 corporo
1090 1795 1242 1856 sufficere
1268 1796 1405 1874 poterit,
1432 1796 1501 1858 nisi

325 1917 340 1949 a
363 1910 501 1954 manum
522 1899 579 1954 aut
599 1899 697 1970 caput
722 1890 881 1966 habeam,
910 1910 976 1971 quo
1001 1898 1081 1953 tunc
1101 1891 1230 1954 relever
1251 1901 1283 1956 te
1306 1893 1453 1956 orbatus.
1483 1918 1497 1950 n

322 1991 440 2065 Addit,
458 1990 616 2052 defuncta
634 1990 809 2068 Lutgardi,
827 1989 910 2052 duos
928 1991 1077 2070 ejusdem
1092 1991 1288 2052 monasterii
1304 2009 1498 2070 conversoS,

323 2105 398 2149 cum
427 2105 564 2149 manum
585 2087 648 2166 piae
672 2087 825 2150 mulieris
851 2095 1024 2167 amputare
1048 2106 1114 2149 non
1139 2088 1316 2163 auderent,
1346 2089 1499 2152 eumdem

322 2183 465 2261 digitum
480 2184 601 2247 dextrae
614 2203 733 2246 manus
750 2184 944 2258 abscidisse,
958 2192 990 2248 et
1002 2185 1118 2247 dentes
1130 2185 1170 2248 de
1182 2203 1239 2248 ore
1254 2184 1347 2248 illius
1361 2205 1500 2248 numero

322 2281 489 2343 sexdecim
505 2283 698 2344 extraxisse.
718 2282 813 2358 Quod
828 2282 886 2343 ubi
901 2282 999 2344 iratri
1013 2283 1146 2346 Thomae
1161 2284 1353 2346 nuntiatum
1369 2291 1429 2358 est,
1446 2283 1499 2346 bis

321 2378 358 2439 in
375 2379 522 2460 Aquiriae
537 2380 779 2442 monasterium
793 2380 951 2455 veniens,
970 2381 1105 2443 tandem
1125 2388 1274 2460 optatum
1296 2380 1394 2443 illum
1412 2381 1499 2460 digi-

321 2484 393 2538 tum
407 2477 474 2540 sibi
493 2478 595 2553 tradi,
616 2497 654 2541 eo
676 2487 787 2541 tamen
803 2477 950 2542 obtinuit
966 2489 1080 2560 pecte,
1097 2487 1134 2541 ut
1149 2479 1253 2542 vitam
1269 2479 1447 2559 Lutgardis
1463 2499 1499 2546 se

321 2575 525 2655 scripturum
537 2576 762 2656 polliceretur.

361 2674 455 2749 Quod
466 2674 531 2736 sibi
542 2693 584 2736 ne
597 2675 679 2737 vitio
691 2682 851 2749 vertatur,
866 2675 980 2737 eodem
994 2674 1065 2737 ioco
1076 2676 1244 2738 memoriae
1257 2677 1357 2739 tradit
1367 2676 1499 2740 beatam

320 2769 489 2833 Nataliam
504 2770 645 2835 Adriani
661 2773 821 2852 martyris
837 2773 1030 2835 bracchium
1052 2773 1252 2850 abscidisse,
1270 2775 1499 2856 Jacobumque

319 2869 566 2933 Vitriacensem
581 2870 685 2932 beatae
701 2871 814 2932 Mariae
831 2871 1077 2948 Oigniacensis,
1097 2873 1245 2934 nonduin
1260 2874 1349 2934 inter
1366 2883 1498 2936 sanctos

322 2977 510 3046 assumpta,
534 2969 677 3047 digitum
700 2970 735 3029 in
757 2976 862 3031 morte
881 2970 1057 3048 praecisum
1076 2972 1175 3033 annis
1196 2971 1312 3034 multis
1333 2973 1498 3051 eproprio

319 3064 403 3128 collo
414 3067 656 3146 dependentem
667 3068 824 3146 gessisse.
837 3068 1065 3148 Gregorioquc
1077 3071 1173 3132 Nono
1183 3089 1274 3148 papae
1284 3089 1343 3149 pro
1354 3071 1498 3132 maximo

319 3183 458 3228 munere
484 3166 684 3245 portandum
710 3165 854 3227 dedisse.
883 3167 993 3227 Beatre
1020 3167 1121 3228 etiam
1148 3167 1320 3229 Elisabeth
1343 3166 1498 3246 pollicem

319 3262 1497 3327 emmmmemmmmommmsmmcummahmu

319 3360 507 3437 exemplum
528 3359 672 3420 'l'lromas
698 3377 764 3420 non
790 3358 894 3420 semel
918 3367 1072 3432 secutus,
1092 3361 1199 3420 sancti
1216 3360 1441 3439 'l'lreodulpbi,
1462 3363 1497 3422 in

319 3457 454 3518 civitate
475 3457 673 3520 Treverensi
696 3457 835 3534 reperti,
857 3474 994 3516 uranum
1018 3457 1167 3518 dextram
1189 3457 1324 3534 pariter,
1344 3475 1498 3518 annuen-

320 3552 409 3614 tibus
441 3553 590 3626 civibus,
620 3552 822 3631 amputavit,
854 3559 886 3615 et
918 3552 1081 3614 iratribus
1113 3552 1241 3615 ordinis
1274 3553 1327 3614 sui
1359 3554 1498 3615 Lovanii

319 3649 519 3728 degentibus
537 3649 628 3712 dedit
640 3643 662 3709 ².

358 3747 427 3809 Nec
453 3747 602 3827 profecto
627 3746 751 3807 mirum
778 3754 828 3808 est
850 3746 1011 3808 Thomam
1034 3764 1090 3809 eas
1112 3745 1274 3826 reliquias
1299 3747 1497 3810 Sanctorum

318 3852 412 3906 tanta
437 3845 654 3907 veneratione
680 3844 844 3919 coluisse,
878 3844 1000 3924 quibus
1029 3844 1126 3906 tactis
1156 3845 1275 3907 animae
1301 3854 1333 3907 et
1360 3863 1497 3925 corpora

318 3941 432 4006 sanari
450 3942 683 4004 credebantur.
701 3944 793 4005 inter
811 3960 927 4004 omnes
944 3942 1034 4004 enim
1056 3959 1130 4017 eos,
1147 3943 1206 4023 qui
1226 3943 1367 4007 durante
1386 3943 1496 4006 modio

317 4056 385 4103 aevo
410 4039 596 4119 scripsere,
624 4040 680 4102 vix
709 4038 851 4102 alterum
879 4040 1054 4115 invenias,
1081 4041 1139 4120 qui
1168 4048 1216 4102 tot
1243 4040 1405 4103 miracula
1434 4059 1495 4105 suo

318 4144 464 4218 tempore
491 4137 580 4200 iacta
601 4136 773 4212 retulerit,
796 4155 885 4200 nune
909 4139 1049 4200 fratrem
1073 4137 1327 4201 praedicatorem
1353 4138 1494 4202 laudans

316 4233 450 4316 inipso
475 4235 561 4297 mari
590 4235 862 4298 deambulantem
876 4237 899 4310 ³,
925 4253 1015 4298 nunc
1041 4235 1081 4298 de
1107 4235 1173 4298 alio
1199 4237 1342 4317 quodam
1366 4237 1494 4300 ordinis

316 4333 371 4398 sui
386 4333 550 4398 monacho
569 4352 724 4399 asserens
743 4334 991 4416 quodiluvium
1005 4335 1206 4417 trajecturus
1227 4336 1361 4416 proprio
1379 4335 1492 4416 palliO,

350 4593 373 4647 l.
391 4597 455 4648 Vite
469 4599 574 4647 coactu
590 4597 754 4659 Lutoordlo,
769 4609 830 4660 rep.
847 4594 896 4656 111,
910 4594 923 4659 1
941 4594 979 4646 19.

348 4675 373 4729 i.
389 4675 424 4736 11,
438 4687 500 4738 mu,
515 4675 540 4730 2.

342 4756 375 4811 ’3.
390 4755 425 4818 11,
441 4768 526 4818 xxxx,
542 4755 583 4807 at.
