3644 5450
857 627 998 688 ..3-

346 762 709 843 Hierosolymitanam,
741 757 975 824 coloniensem
1009 756 1186 821 ecclesiam
1214 757 1521 837 Treverensemque

345 861 512 941 praecipua
530 859 706 923 sanctitate
720 856 846 939 pollere
857 859 879 916 ¹.
896 858 944 919 De
955 855 1095 920 Colonia
1106 854 1242 936 quidem
1251 855 1447 936 Agrippina,
1461 855 1520 917 ubi
1628 909 1632 916 ,

346 961 485 1023 docente
503 958 640 1022 Alberto
661 959 782 1037 Magno
800 955 975 1034 theologia
997 954 1143 1029 studuit,
1164 972 1230 1016 non
1251 954 1366 1029 semel,
1383 955 1423 1018 de
1439 957 1521 1018 Tre-

345 1058 480 1122 verensi
494 1075 572 1120 voro
587 1055 762 1136 metropoli
776 1053 1052 1136 frequentissime
1067 1053 1226 1134 loquitur,
1241 1053 1276 1115 in
1293 1071 1359 1134 qua
1378 1071 1414 1116 se
1433 1071 1520 1116 anno

302 1236 306 1242 Ι
346 1156 474 1222 Christi
489 1155 653 1221 MCGLVI
668 1155 775 1217 luisse
791 1161 905 1216 narrat
915 1159 939 1228 ι,
957 1170 1124 1233 quamque
1136 1151 1237 1214 ctiam
1250 1160 1329 1214 tnnc
1342 1151 1519 1226 incolebat,

347 1253 480 1333 quando
496 1252 603 1315 sancti
617 1250 827 1329 'theodulphi
848 1249 1000 1328 reliquia
1020 1266 1058 1311 eo
1075 1255 1237 1328 praesente
1254 1267 1273 1310 a
1293 1247 1424 1310 civibus
1441 1249 1521 1310 Tre-

347 1348 545 1411 verensihus
561 1355 699 1426 repertae
712 1337 828 1420 sunt³;
847 1348 985 1407 fratrem
999 1363 1097 1425 porro
1109 1345 1309 1419 Walterum,
1326 1344 1522 1406 Praedicato-

346 1463 422 1507 rum
437 1445 605 1526 quondam
621 1445 767 1524 priorem
781 1445 1033 1517 Treverensem,
1055 1443 1144 1504 inter
1165 1459 1221 1504 eos
1236 1441 1438 1522 quibuscum
1455 1458 1522 1503 ser-

348 1558 464 1603 mones
486 1541 627 1604 miseere
650 1540 863 1603 consueverit
891 1539 944 1601 his
967 1539 1117 1600 nominat
1131 1540 1155 1597 ι.
1178 1540 1423 1611 Formosarum,
1449 1555 1522 1617 quae

347 1639 437 1700 inter
447 1639 634 1716 Augustam
642 1637 855 1700 Trevirorum
866 1634 1106 1715 coloniamque
1116 1636 1372 1715 protenduntur,
1384 1634 1523 1697 vallium

349 1742 542 1808 amatorem,
567 1752 656 1795 nuno
682 1759 695 1790 u
720 1751 778 1813 per
804 1733 1003 1795 descensum
1024 1732 1171 1794 Mosella
1192 1731 1342 1794 fluminis
1367 1755 1381 1787 r>
1405 1732 1523 1795 devec-

349 1838 421 1894 tum
433 1834 456 1907 ⁵,
473 1831 615 1893 nuncin
633 1849 672 1894 ea
687 1847 783 1905 nave,
801 1847 874 1910 quae
889 1828 986 1892 illum
1003 1828 1177 1893 Coloniam
1193 1847 1252 1909 per
1264 1827 1421 1892 Rhenum
1436 1829 1523 1891 deie-

348 1929 459 2004 rebat,
475 1929 566 1992 inter
583 1928 817 2010 pulcherrimae
841 1928 903 1991 viae
922 1927 991 1992 otia
1009 1945 1086 1991 cnm
1106 1927 1268 1991 fratribus
1286 1927 1357 1990 suis
1376 1927 1524 2009 jucunde

350 2027 595 2108 colloquentem
609 2027 795 2090 videmnsl.

390 2125 500 2188 Habet
520 2144 581 2190 sua
601 2126 723 2205 gaudia
742 2124 795 2189 vol
815 2124 999 2204 asperrima
1021 2143 1159 2206 quaeque
1184 2125 1343 2188 condicio.
1362 2125 1525 2189 Homines

350 2241 406 2288 eos
423 2224 497 2306 qui,
514 2224 669 2288 ultronea
687 2225 723 2286 in
739 2224 868 2303 seipsos
885 2223 1011 2288 duritia
1029 2242 1151 2304 magna
1169 2224 1394 2287 humanarum
1410 2224 1527 2304 volup-

350 2328 457 2384 tatum
476 2329 570 2402 parte
589 2322 713 2398 orbati,
731 2321 990 2385 Praedicaternm
1007 2323 1243 2406 Minorumque
1262 2323 1397 2385 ordines
1420 2323 1533 2412 intra-¹

349 2421 446 2495 bant,
467 2419 531 2483 hoc
550 2419 670 2484 saltem
689 2419 889 2494 delectabat,
913 2421 1001 2500 quod
1020 2422 1059 2484 de
1080 2420 1152 2484 loco
1175 2422 1211 2483 in
1235 2421 1345 2484 locum
1367 2423 1527 2502 frequen-

351 2517 483 2580 tissime
504 2517 704 2592 transirent,
726 2518 925 2597 sinceraque
948 2517 1129 2581 multorum
1152 2518 1301 2581 amicitia
1320 2521 1526 2581 fruerentur.

351 2614 476 2678 Caelum
500 2622 630 2678 mutare
652 2616 754 2678 ctiam
777 2617 916 2696 pauperi
936 2617 1093 2696 fessoque
1110 2616 1297 2699 jucundum
1319 2624 1385 2692 εει,
1411 2633 1528 2679 mona·

351 2711 529 2792 chnmque,
547 2712 601 2773 cui
617 2713 671 2773 vix
687 2711 896 2774 tolerandum
912 2712 1085 2774 audiendae
1106 2713 1329 2774 confessionis
1344 2730 1429 2775 onus
1444 2731 1528 2792 quo-

351 2808 433 2870 tidie
452 2809 679 2882 incumbebat,
695 2809 731 2869 in
749 2809 886 2882 itinere,
903 2809 939 2870 in
956 2809 1101 2871 claustro
1116 2809 1249 2872 fovebat
1263 2809 1338 2872 laeta
1354 2827 1430 2871 cnm
1443 2827 1527 2888 pau-

349 2905 487 2984 peribus
513 2905 743 2985 divitibusque
768 2905 988 2968 conversatio.
1016 2907 1138 2985 Magna
1160 2907 1322 2970 fratribus
1344 2914 1526 2987 utcumque

351 3004 430 3066 inde
445 3004 575 3066 solatia.
592 3005 663 3065 Hoc
684 3004 773 3065 inter
795 3011 922 3066 ceteros
941 3011 1096 3083 expertus
1118 3012 1168 3066 est
1186 3005 1330 3068 Thomas
1349 3004 1527 3084 cantipra-

350 3101 468 3177 tensis‚
484 3102 542 3182 qni
558 3108 605 3164 tot
619 3102 656 3163 in
671 3110 812 3182 utroquo
825 3120 906 3164 sexu
921 3101 1040 3164 habuit
1052 3102 1188 3178 amices,
1203 3111 1240 3165 ut
1255 3120 1311 3166 eos
1326 3103 1428 3166 ctiam
1443 3121 1526 3166 enu-

350 3217 480 3264 merare
501 3218 566 3263 non
589 3199 657 3264 nisi
677 3200 817 3262 recitata
835 3201 959 3282 majore
980 3219 1095 3264 eorum
1115 3219 1188 3282 quae
1212 3200 1410 3281 conscripsit
1434 3209 1525 3281 parte

352 3296 535 3359 valeamus.

392 3395 484 3456 Inter
501 3393 661 3458 mulieres
676 3404 800 3470 noster,
816 3395 873 3475 qui
889 3395 1039 3458 calibem
1053 3396 1157 3458 vitam
1172 3414 1192 3457 a
1205 3395 1324 3476 primis
1340 3397 1438 3459 annis
1454 3415 1526 3458 am-

350 3489 467 3580 plexus
492 3498 574 3566 erat,
591 3499 623 3554 et
637 3499 790 3556 versatus
806 3501 856 3555 est
874 3500 906 3555 et
922 3493 1114 3573 frequentia
1134 3492 1211 3555 fidei
1232 3492 1455 3574 amicitiaque
1471 3494 1526 3555 in-

351 3589 444 3653 venit
459 3590 668 3653 documenta.
692 3592 738 3655 Ut
758 3591 848 3653 enim
869 3592 909 3653 de
928 3591 1026 3654 beata
1041 3591 1200 3670 Lutgardi
1218 3597 1402 3666 taceamus,
1421 3611 1439 3653 a
1460 3611 1527 3671 qna

350 3687 452 3752 verbo
473 3695 506 3750 et
525 3688 675 3768 exemplo
695 3690 888 3769 frequenter
903 3689 1037 3770 adJutus
1053 3695 1114 3763 est,
1130 3707 1285 3768 magnam
1305 3707 1435 3765 eorum,
1453 3708 1526 3770 qnae

351 3787 515 3862 narravit,
540 3794 669 3868 partem
695 3805 735 3850 ex
761 3786 1068 3851 sanctimonialium
1092 3787 1201 3850 relatu
1224 3806 1300 3850 eum
1324 3788 1526 3868 comperisse

350 3892 453 3966 patet.
470 3886 619 3949 Aderant
633 3893 666 3948 ει
681 3884 755 3972 alia
770 3885 903 3965 generis
919 3885 1094 3950 nobilitate
1108 3886 1277 3965 insignes,
1293 3886 1424 3962 Alaisa,
1441 3887 1525 3950 Bra·

350 3983 474 4046 bantiae
491 3983 626 4047 ducissa
647 3984 764 4048 eadem
781 3993 813 4048 et
830 3985 999 4064 Hugonis,
1016 3985 1220 4066 Burgundiae
1241 3985 1352 4062 ducis,
1368 3985 1440 4049 filia
1451 3991 1473 4063 ι,
1493 3995 1526 4050 ει

350 4081 440 4147 inter
454 4089 582 4147 ceteras
598 4100 760 4163 generosa
773 4082 896 4165 piaque
910 4083 1160 4160 illa‘Willelmi,
1176 4085 1404 4149 Romanorum
1421 4085 1523 4166 regis,

384 4302 405 4355 ι.
415 4301 457 4372 ιι,
473 4314 534 4366 aru,
550 4303 573 4354 6.

381 4380 405 4434 2.
422 4380 458 4446 ιι,
470 4393 540 4445 aru,
552 4381 576 4433 ι.

382 4462 406 4512 ³.
422 4460 459 4521 ιι,
474 4473 536 4522 nin,
548 4461 573 4511 ι.

381 4539 405 4592 ι.
422 4541 458 4601 ιι,
472 4552 501 4602 x,
519 4541 557 4592 ιἰ.
572 4568 603 4580 -
618 4542 653 4604 ιι,
669 4555 736 4609 xxv,
752 4546 776 4596 5.

382 4622 406 4672 5.
421 4620 457 4680 11.
468 4632 537 4680 xxv,
554 4621 592 4684 tn,
608 4637 635 4688 p.
651 4623 706 4674 ιιι.

381 4701 404 4753 6.
421 4700 457 4763 ιι,
472 4712 551 4763 xntx,
568 4702 606 4754 ιι.

381 4782 405 4832 7.
421 4780 456 4841 ιι,
471 4792 553 4843 xant,
569 4782 592 4833 6.
