3644 5450
839 575 996 634 ..55-

330 703 494 765 ultionem
522 704 671 765 divinam
699 723 775 767 raro
806 706 954 783 effugere
981 705 1057 767 dato
1086 706 1235 784 exemplo
1262 707 1469 770 demonstrat
1495 730 1503 768 :

333 824 347 856 a
366 799 508 874 Quidam
524 800 649 863 tibicen
665 809 747 874 erat,
764 802 823 881 qui
839 801 1045 864 chorizantes
1057 803 1199 882 J'uvenes
1214 811 1246 865 et
1260 804 1389 882 puellas
1402 805 1505 867 salta-

330 897 479 958 tionibus
496 904 528 959 et
545 897 859 975 gesticulationibus
871 897 942 960 suis
956 897 997 959 ad
1011 898 1162 960 carmina
1176 899 1331 961 obscoena
1346 908 1379 962 et
1393 903 1505 980 turpia

330 993 528 1056 concitabat.
545 994 634 1056 Hine
648 993 726 1057 oaelo
739 993 885 1056 nubibus
900 994 989 1056 circa
1003 1012 1160 1074 vesperas
1176 994 1364 1074 obscurat0,
1379 999 1505 1077 quique

330 1090 370 1151 ad
395 1089 530 1168 propria
557 1089 741 1152 redierunt.
769 1089 846 1152 Solo
875 1098 987 1152 autem
1012 1090 1168 1164 tibicine,
1199 1092 1348 1154 nondum
1371 1092 1505 1157 lusibus

330 1187 467 1260 satiato,
484 1205 543 1265 por
560 1185 649 1248 viam
669 1185 711 1247 ad
728 1186 827 1248 solita
841 1193 1027 1261 remeante,
1047 1195 1080 1249 et
1102 1195 1243 1250 canente
1262 1189 1363 1262 tibia,
1384 1208 1423 1252 ac
1437 1190 1505 1252 sal-

329 1290 435 1359 tante,
459 1291 492 1346 et
512 1283 735 1363 posteriorum
755 1282 922 1346 sonitibus
946 1283 1088 1363 turpiter
1106 1285 1303 1362 insonante,
1322 1286 1387 1348 duo
1408 1287 1505 1366 puori

328 1387 495 1459 pastores,
512 1381 571 1442 nbi
589 1381 837 1444 coruscationes
857 1388 890 1444 ot
906 1382 1053 1444 tonitrua
1074 1382 1252 1445 imminere
1270 1383 1444 1458 viderunt,
1463 1385 1505 1446 ad

328 1480 462 1542 dumeta
477 1482 647 1560 sugerunt,
667 1487 699 1542 et
714 1479 763 1542 eis
779 1479 971 1544 videntibus
987 1480 1023 1542 in
1041 1480 1214 1544 tibicinem
1229 1480 1358 1544 fulmen
1372 1483 1503 1558 cecidit,

328 1586 359 1642 et
381 1579 539 1655 extinxit,
557 1586 588 1642 et
604 1580 676 1661 ejus
692 1578 884 1642 bracchium
909 1579 1105 1664 amputavit.
1122 1604 1136 1636 n
1153 1580 1256 1643 Addit
1274 1580 1505 1645 bracehiuma

327 1679 456 1743 duobus
478 1679 586 1760 nigris
607 1679 747 1742 canibus
777 1679 940 1753 ablatum,
967 1698 1086 1760 corpus
1112 1698 1190 1743 vero
1211 1678 1334 1760 sepulti
1354 1679 1503 1745 hominis

325 1779 425 1860 paulo
442 1787 515 1860 pest
531 1799 550 1842 a
565 1779 770 1842 dauronibus
788 1786 919 1859 raptum
936 1796 1010 1842 esse
1024 1781 1044 1839 ¹.

365 1881 571 1943 Venetorum
589 1897 721 1960 quoque
737 1878 859 1957 geladia
879 1877 1019 1941 minime
1035 1878 1210 1958 approbat,
1228 1895 1289 1941 nec
1306 1879 1503 1943 innocentes
1534 1940 1536 1944 ,

326 1977 402 2041 illos
414 1984 520 2057 putat,
535 1978 593 2058 qui
608 2003 621 2034 α
639 1978 673 2038 in
687 1978 804 2040 avibus
818 1976 913 2039 caeli²
929 1983 962 2038 et
974 1977 1114 2039 canibus
1125 1977 1257 2038 ludunt.
1273 2001 1287 2032 n
1302 1978 1502 2054 Quaeoblec-

325 2083 473 2138 tamenta
493 2076 592 2139 bonis
612 2076 762 2138 moribus
785 2076 867 2138 adeo
882 2075 1050 2137 contrarie
1065 2094 1139 2138 esse
1154 2083 1283 2150 censet,
1300 2083 1337 2137 ut
1356 2076 1503 2154 ingenue

325 2173 437 2235 credat
459 2173 637 2252 quamdam
659 2173 851 2246 mulierem,
877 2173 1046 2235 venatoris
1068 2191 1219 2246 uxorem,
1243 2191 1386 2252 puerum
1405 2172 1503 2235 abor-

324 2269 446 2344 tivum,
466 2295 479 2326 «
501 2269 681 2332 habentem
703 2277 802 2349 caput
819 2271 912 2332 canis
927 2271 1073 2333 venatici
1094 2296 1121 2343 »‚
1139 2269 1271 2332 enixam
1287 2288 1361 2333 esse
1376 2274 1399 2330 ⁸.
1417 2272 1501 2332 Eum

325 2367 1503 2449 dfflmmcmmmu«mumdmmwmmmemmfflsssmmmmdmmbm

325 2468 487 2542 exerceri,
509 2493 524 2523 a
546 2468 636 2531 inter
654 2468 714 2529 illa
731 2487 804 2547 qum
821 2467 964 2530 nraainre
985 2468 1174 2529 damnanda
1191 2473 1270 2529 sunt
1290 2475 1464 2529 enumerat
1476 2469 1500 2526 ⁴.

362 2567 402 2628 In
413 2566 628 2628 faeneratores
641 2564 861 2627 inclementer
873 2565 1056 2638 invehitur,
1069 2583 1212 2645 quorum
1220 2581 1323 2626 unum
1334 2583 1369 2626 se
1378 2564 1412 2624 in
1422 2565 1501 2625 Bra-

323 2662 439 2724 bantia
455 2663 588 2724 novisse
605 2662 700 2736 dicit,
718 2681 793 2724 cum
810 2681 829 2723 a
843 2662 925 2724 vitio
939 2663 1138 2740 resipiscere
1156 2661 1276 2734 nollet,
1293 2661 1381 2723 larda
1396 2668 1502 2723 morto

302 2749 304 2754 ’
321 2767 453 2835 ruptum
464 2762 484 2816 ⁵.
499 2758 613 2818 Alium
626 2758 726 2818 otium
744 2757 838 2818 exiis
854 2759 1071 2831 na1·1·at,d1ub
1086 2757 1264 2836 ‹prittmdaiu
1275 2753 1500 2817 cathedralem

322 2851 1500 2931 eoemmmmGfflmmmmmmmtmfflmmmmffimmmmm

321 2952 465 3031 quadarn
491 2950 622 3029 lapidea
646 2950 854 3014 honoratoris
879 2957 1005 3024 statua,
1034 2949 1164 3011 loribus
1187 2948 1372 3027 insculpta,
1393 2948 1500 3008 inter-

320 3051 445 3111 sectum
458 3052 481 3108 ⁶.
498 3049 642 3111 Divitias
659 3049 760 3111 etiam
776 3049 908 3112 illicitis
924 3048 1064 3111 modisa
1081 3047 1204 3110 talibus
1221 3046 1405 3128 acquisitas
1421 3062 1500 3106 non-

322 3164 495 3227 nunquam
518 3147 554 3208 in
581 3147 796 3210 monasteriis
821 3153 1009 3210 asservatas
1037 3164 1110 3208 esse
1138 3144 1255 3219 tradit,
1279 3143 1499 3222 abbatemque

322 3244 562 3309 Villariensem
585 3245 710 3320 laudat,
732 3245 789 3326 qui
811 3271 824 3301 α
847 3245 997 3308 usurarii
1021 3269 1035 3299 »
1059 3243 1301 3306 Namurcensis
1322 3240 1500 3320 pecuniam

322 3342 438 3422 procul
457 3362 476 3405 a
492 3343 696 3405 monasterio
718 3343 881 3422 asportari
904 3350 936 3405 et
961 3341 1122 3422 injuriam
1143 3339 1254 3420 passis
1275 3337 1409 3401 restitui
1426 3338 1500 3416 jus-

323 3440 405 3502 serit
422 3445 446 3500 1.
475 3443 515 3503 In
538 3439 753 3504 Vaucellensi
780 3459 911 3520 quoque
936 3438 1087 3502 coenobio
1108 3436 1286 3516 pecuniam
1312 3454 1331 3497 a
1356 3434 1500 3515 quodam

322 3539 519 3602 foeneratore
540 3538 755 3601 Atrebatensi
777 3546 969 3618 congestam
992 3536 1172 3617 aliquando
1194 3542 1401 3597 asservatam
1425 3551 1499 3596 esse

323 3656 369 3717 eo
385 3637 522 3700 docento
548 3637 713 3710 novimus,
737 3637 994 3718 Walterumque
1021 3635 1060 3698 do
1084 3637 1283 3707 Beaumont,
1306 3633 1399 3712 pium
1424 3651 1500 3712 pro-

322 3737 469 3817 bumque
487 3737 706 3811 monachum,
724 3736 852 3799 durnin
869 3736 984 3799 eadem
999 3734 1081 3798 cella
1095 3740 1217 3805 oraret,
1232 3730 1402 3794 diabolum
1416 3731 1500 3794 scri-

324 3834 381 3896 nio
400 3835 459 3898 ubi
477 3835 620 3915 pecunia
640 3834 772 3896 inclusa
790 3818 861 3897 erat
883 3834 1085 3896 insidentem
1105 3830 1332 3910 increpuisse,
1355 3827 1410 3891 cui
1427 3828 1499 3890 dia-

323 3930 420 3993 bolus
437 3931 500 3993 hoc
517 3937 647 3994 tantum
664 3931 874 4009 responderit
891 3951 897 3990 ι
916 3957 930 3986 «
950 3932 1042 3993 Bene
1060 3937 1092 3992 et
1104 3930 1195 4010 J‘uste
1217 3927 1272 3989 hic
1288 3925 1402 3999 sedeo,
1420 3924 1497 3998 hoc,

325 4051 338 4083 t
363 4028 452 4108 quod
466 4019 579 4091 meum
596 4036 661 4102 est,
679 4027 906 4090 conservando
918 4031 941 4087 ⁸.
961 4051 974 4082 a

355 4179 376 4230 l.
392 4178 428 4242 11,
442 4190 511 4236 narr,
524 4178 548 4228 l.

352 4257 376 4312 2.
393 4257 507 4308 Scilicet
522 4257 679 4308 falconibus
695 4260 722 4308 ct
738 4257 928 4322 accipitribus.

353 4338 376 4390 3.
394 4337 429 4398 11,
442 4345 523 4399 mx,
539 4337 578 4388 17.

353 4418 376 4469 l.
393 4418 427 4479 11,
444 4431 521 4479 xcix,
536 4417 578 4470 13.

353 4499 376 4550 5.
393 4500 428 4562 11,
444 4500 552 4561 1¹11,5.

352 4581 376 4634 6.
392 4581 427 4638 tt.
443 4592 515 4643 1111,
531 4580 554 4631 l.

352 4663 376 4715 7.
392 4663 428 4728 11,
440 4673 520 4725 xxvi,
536 4663 559 4714 5.

307 4785 310 4790 .
352 4743 561 4805 8.11,xxv1,l.
