<?xml version="1.0" encoding="UTF-8"?>
<!DOCTYPE html PUBLIC "-//W3C//DTD XHTML 1.0 Transitional//EN"
    "http://www.w3.org/TR/xhtml1/DTD/xhtml1-transitional.dtd">
<html xmlns="http://www.w3.org/1999/xhtml" xml:lang="en" lang="en">
 <head>
  <title>
</title>
<meta http-equiv="Content-Type" content="text/html;charset=utf-8" />
  <meta name='ocr-system' content='tesseract 3.04.00' />
  <meta name='ocr-capabilities' content='ocr_page ocr_carea ocr_par ocr_line ocrx_word'/>
</head>
<body>
  <div class='ocr_page' id='page_1' title='image "./thomaecantiprat00berggoog_0038.png"; bbox 0 0 3644 5450; ppageno 0'>
   <div class='ocr_carea' id='block_1_1' title="bbox 863 587 1022 652">
    <p class='ocr_par' dir='ltr' id='par_1_1' title="bbox 863 587 1022 652">
     <span class='ocr_line' id='line_1_1' title="bbox 863 587 1022 652; baseline 0.006 -19"><span class='ocrx_word' id='word_1_1' title='bbox 863 587 1022 652; x_wconf 66' lang='lat'><strong>„23-</strong></span> 
     </span>
    </p>
   </div>
   <div class='ocr_carea' id='block_1_2' title="bbox 345 717 1627 3820">
    <p class='ocr_par' dir='ltr' id='par_1_2' title="bbox 354 717 1561 1170">
     <span class='ocr_line' id='line_1_2' title="bbox 359 717 1561 801; baseline 0.006 -24"><span class='ocrx_word' id='word_1_2' title='bbox 359 717 401 778; x_wconf 90' lang='lat' dir='ltr'><strong>ad</strong></span> <span class='ocrx_word' id='word_1_3' title='bbox 419 717 530 780; x_wconf 89' lang='lat' dir='ltr'><strong>varias</strong></span> <span class='ocrx_word' id='word_1_4' title='bbox 545 718 674 782; x_wconf 84' lang='lat' dir='ltr'>ordinis</span> <span class='ocrx_word' id='word_1_5' title='bbox 689 720 803 782; x_wconf 90' lang='lat' dir='ltr'><strong>domos</strong></span> <span class='ocrx_word' id='word_1_6' title='bbox 822 718 1058 783; x_wconf 86' lang='lat' dir='ltr'><strong>rescribendus</strong></span> <span class='ocrx_word' id='word_1_7' title='bbox 1073 721 1331 784; x_wconf 76' lang='lat' dir='ltr'><strong>transmittatur.</strong></span> <span class='ocrx_word' id='word_1_8' title='bbox 1348 723 1434 784; x_wconf 78' lang='lat' dir='ltr'><strong>llum</strong></span> <span class='ocrx_word' id='word_1_9' title='bbox 1447 741 1532 801; x_wconf 83' lang='lat' dir='ltr'><strong>prae-</strong></span> <span class='ocrx_word' id='word_1_10' title='bbox 1558 748 1561 754; x_wconf 91' lang='lat'>·</span> 
     </span>
     <span class='ocr_line' id='line_1_3' title="bbox 358 816 1533 897; baseline 0.004 -22"><span class='ocrx_word' id='word_1_11' title='bbox 358 820 461 888; x_wconf 88' lang='lat' dir='ltr'><strong>terea,</strong></span> <span class='ocrx_word' id='word_1_12' title='bbox 478 822 612 894; x_wconf 88' lang='lat' dir='ltr'><strong>propter</strong></span> <span class='ocrx_word' id='word_1_13' title='bbox 625 816 808 879; x_wconf 83' lang='lat' dir='ltr'><strong>utilitatem</strong></span> <span class='ocrx_word' id='word_1_14' title='bbox 822 817 948 897; x_wconf 92' lang='lat' dir='ltr'><strong>operis,</strong></span> <span class='ocrx_word' id='word_1_15' title='bbox 966 817 1054 897; x_wconf 90' lang='lat' dir='ltr'><strong>quod</strong></span> <span class='ocrx_word' id='word_1_16' title='bbox 1068 819 1160 879; x_wconf 93' lang='lat' dir='ltr'><strong>omni</strong></span> <span class='ocrx_word' id='word_1_17' title='bbox 1175 819 1293 892; x_wconf 88' lang='lat' dir='ltr'><strong>statui,</strong></span> <span class='ocrx_word' id='word_1_18' title='bbox 1310 819 1402 881; x_wconf 87' lang='lat' dir='ltr'><strong>ornni</strong></span> <span class='ocrx_word' id='word_1_19' title='bbox 1417 819 1533 881; x_wconf 88' lang='lat' dir='ltr'><strong>condi-</strong></span> 
     </span>
     <span class='ocr_line' id='line_1_4' title="bbox 357 909 1530 994; baseline 0.004 -23"><span class='ocrx_word' id='word_1_20' title='bbox 357 909 445 972; x_wconf 92' lang='lat' dir='ltr'><strong>tioni</strong></span> <span class='ocrx_word' id='word_1_21' title='bbox 466 911 642 975; x_wconf 89' lang='lat' dir='ltr'><strong>hominurn</strong></span> <span class='ocrx_word' id='word_1_22' title='bbox 661 914 848 988; x_wconf 91' lang='lat' dir='ltr'><strong>conveniat,</strong></span> <span class='ocrx_word' id='word_1_23' title='bbox 867 917 986 976; x_wconf 80' lang='lat' dir='ltr'><strong>donent</strong></span> <span class='ocrx_word' id='word_1_24' title='bbox 1005 918 1182 976; x_wconf 79' lang='lat' dir='ltr'><strong>universale</strong></span> <span class='ocrx_word' id='word_1_25' title='bbox 1197 917 1231 976; x_wconf 86' lang='lat' dir='ltr'><strong>dc</strong></span> <span class='ocrx_word' id='word_1_26' title='bbox 1248 918 1356 994; x_wconf 81' lang='lat' dir='ltr'><strong>apibus</strong></span> <span class='ocrx_word' id='word_1_27' title='bbox 1375 914 1530 994; x_wconf 86' lang='lat' dir='ltr'><strong>appellat,</strong></span> 
     </span>
     <span class='ocr_line' id='line_1_5' title="bbox 354 1007 1532 1092; baseline 0.007 -24"><span class='ocrx_word' id='word_1_28' title='bbox 354 1007 495 1072; x_wconf 89' lang='lat' dir='ltr'><strong>lectores</strong></span> <span class='ocrx_word' id='word_1_29' title='bbox 510 1010 685 1074; x_wconf 87' lang='lat' dir='ltr'><strong>humiliter</strong></span> <span class='ocrx_word' id='word_1_30' title='bbox 698 1011 900 1092; x_wconf 67' lang='lat' dir='ltr'><strong>supplicanti,</strong></span> <span class='ocrx_word' id='word_1_31' title='bbox 916 1021 952 1075; x_wconf 95' lang='lat' dir='ltr'><strong>ut</strong></span> <span class='ocrx_word' id='word_1_32' title='bbox 965 1014 1093 1076; x_wconf 89' lang='lat' dir='ltr'><strong>auctori</strong></span> <span class='ocrx_word' id='word_1_33' title='bbox 1108 1013 1197 1076; x_wconf 88' lang='lat' dir='ltr'><strong>dicta</strong></span> <span class='ocrx_word' id='word_1_34' title='bbox 1212 1013 1330 1076; x_wconf 88' lang='lat' dir='ltr'><strong>saltem</strong></span> <span class='ocrx_word' id='word_1_35' title='bbox 1344 1032 1413 1076; x_wconf 91' lang='lat' dir='ltr'><strong>una</strong></span> <span class='ocrx_word' id='word_1_36' title='bbox 1426 1013 1532 1076; x_wconf 88' lang='lat' dir='ltr'><strong>missa</strong></span> 
     </span>
     <span class='ocr_line' id='line_1_6' title="bbox 354 1107 567 1170; baseline 0.009 -2"><span class='ocrx_word' id='word_1_37' title='bbox 354 1107 567 1170; x_wconf 84' lang='lat' dir='ltr'><strong>subveniant.</strong></span> 
     </span>
    </p>

    <p class='ocr_par' dir='ltr' id='par_1_3' title="bbox 347 1205 1627 2743">
     <span class='ocr_line' id='line_1_7' title="bbox 395 1205 1533 1291; baseline 0.004 -25"><span class='ocrx_word' id='word_1_38' title='bbox 395 1205 420 1266; x_wconf 81' lang='lat' dir='ltr'><strong>b</strong></span> <span class='ocrx_word' id='word_1_39' title='bbox 436 1207 700 1284; x_wconf 68' lang='lat' dir='ltr'><strong>praecedentibus</strong></span> <span class='ocrx_word' id='word_1_40' title='bbox 716 1209 869 1289; x_wconf 89' lang='lat' dir='ltr'><strong>sequitur</strong></span> <span class='ocrx_word' id='word_1_41' title='bbox 884 1211 973 1272; x_wconf 89' lang='lat' dir='ltr'><strong>inter</strong></span> <span class='ocrx_word' id='word_1_42' title='bbox 988 1229 1044 1272; x_wconf 90' lang='lat' dir='ltr'><strong>eos</strong></span> <span class='ocrx_word' id='word_1_43' title='bbox 1060 1213 1184 1284; x_wconf 82' lang='lat' dir='ltr'><strong>fontes,</strong></span> <span class='ocrx_word' id='word_1_44' title='bbox 1203 1229 1220 1273; x_wconf 92' lang='lat' dir='ltr'><strong>e</strong></span> <span class='ocrx_word' id='word_1_45' title='bbox 1242 1210 1365 1291; x_wconf 90' lang='lat' dir='ltr'><strong>quibus</strong></span> <span class='ocrx_word' id='word_1_46' title='bbox 1380 1209 1533 1273; x_wconf 83' lang='lat' dir='ltr'><strong>hauserit</strong></span> 
     </span>
     <span class='ocr_line' id='line_1_8' title="bbox 353 1303 1531 1388; baseline 0.003 -24"><span class='ocrx_word' id='word_1_47' title='bbox 353 1303 458 1365; x_wconf 83' lang='lat' dir='ltr'><strong>irater</strong></span> <span class='ocrx_word' id='word_1_48' title='bbox 473 1305 633 1378; x_wconf 78' lang='lat' dir='ltr'><strong>Thomas,</strong></span> <span class='ocrx_word' id='word_1_49' title='bbox 651 1306 759 1385; x_wconf 90' lang='lat' dir='ltr'><strong>primo</strong></span> <span class='ocrx_word' id='word_1_50' title='bbox 774 1306 846 1369; x_wconf 91' lang='lat' dir='ltr'><strong>loco</strong></span> <span class='ocrx_word' id='word_1_51' title='bbox 861 1307 985 1369; x_wconf 90' lang='lat' dir='ltr'><strong>librum</strong></span> <span class='ocrx_word' id='word_1_52' title='bbox 1001 1309 1073 1388; x_wconf 89' lang='lat' dir='ltr'><strong>ejus</strong></span> <span class='ocrx_word' id='word_1_53' title='bbox 1088 1311 1127 1368; x_wconf 80' lang='lat' dir='ltr'><strong>lle</strong></span> <span class='ocrx_word' id='word_1_54' title='bbox 1145 1319 1264 1369; x_wconf 81' lang='lat' dir='ltr'><strong>actura</strong></span> <span class='ocrx_word' id='word_1_55' title='bbox 1281 1327 1389 1368; x_wconf 84' lang='lat' dir='ltr'><strong>reram</strong></span> <span class='ocrx_word' id='word_1_56' title='bbox 1403 1326 1531 1387; x_wconf 89' lang='lat' dir='ltr'><strong>ponen-</strong></span> 
     </span>
     <span class='ocr_line' id='line_1_9' title="bbox 354 1399 1627 1484; baseline 0.004 -24"><span class='ocrx_word' id='word_1_57' title='bbox 354 1399 433 1461; x_wconf 91' lang='lat' dir='ltr'><strong>dum</strong></span> <span class='ocrx_word' id='word_1_58' title='bbox 449 1420 534 1465; x_wconf 88' lang='lat' dir='ltr'><strong>esse.</strong></span> <span class='ocrx_word' id='word_1_59' title='bbox 551 1405 627 1465; x_wconf 94' lang='lat' dir='ltr'><strong>Non</strong></span> <span class='ocrx_word' id='word_1_60' title='bbox 644 1405 733 1466; x_wconf 89' lang='lat' dir='ltr'><strong>cuim</strong></span> <span class='ocrx_word' id='word_1_61' title='bbox 749 1406 845 1467; x_wconf 91' lang='lat' dir='ltr'><strong>modo</strong></span> <span class='ocrx_word' id='word_1_62' title='bbox 861 1406 1044 1484; x_wconf 87' lang='lat' dir='ltr'><strong>capitulum</strong></span> <span class='ocrx_word' id='word_1_63' title='bbox 1061 1426 1079 1467; x_wconf 92' lang='lat' dir='ltr'><strong>a</strong></span> <span class='ocrx_word' id='word_1_64' title='bbox 1095 1425 1131 1468; x_wconf 90' lang='lat' dir='ltr'><strong>se</strong></span> <span class='ocrx_word' id='word_1_65' title='bbox 1146 1406 1218 1484; x_wconf 88' lang='lat' dir='ltr'><strong>ipso</strong></span> <span class='ocrx_word' id='word_1_66' title='bbox 1234 1405 1273 1468; x_wconf 95' lang='lat' dir='ltr'><strong>de</strong></span> <span class='ocrx_word' id='word_1_67' title='bbox 1289 1404 1408 1484; x_wconf 90' lang='lat' dir='ltr'><strong>apibus</strong></span> <span class='ocrx_word' id='word_1_68' title='bbox 1424 1404 1531 1484; x_wconf 91' lang='lat' dir='ltr'><strong>scrip·</strong></span> <span class='ocrx_word' id='word_1_69' title='bbox 1625 1434 1627 1439; x_wconf 95' lang='lat'>·</span> 
     </span>
     <span class='ocr_line' id='line_1_10' title="bbox 354 1499 1531 1583; baseline 0.007 -26"><span class='ocrx_word' id='word_1_70' title='bbox 354 1505 422 1559; x_wconf 91' lang='lat' dir='ltr'><strong>tum</strong></span> <span class='ocrx_word' id='word_1_71' title='bbox 442 1499 479 1560; x_wconf 93' lang='lat' dir='ltr'><strong>in</strong></span> <span class='ocrx_word' id='word_1_72' title='bbox 500 1501 606 1562; x_wconf 83' lang='lat' dir='ltr'><strong>frusta</strong></span> <span class='ocrx_word' id='word_1_73' title='bbox 630 1502 750 1564; x_wconf 87' lang='lat' dir='ltr'><strong>dividit</strong></span> <span class='ocrx_word' id='word_1_74' title='bbox 769 1502 980 1583; x_wconf 75' lang='lat' dir='ltr'><strong>singulisque</strong></span> <span class='ocrx_word' id='word_1_75' title='bbox 1001 1504 1077 1565; x_wconf 89' lang='lat' dir='ltr'><strong>novi</strong></span> <span class='ocrx_word' id='word_1_76' title='bbox 1097 1503 1176 1564; x_wconf 83' lang='lat' dir='ltr'><strong>libri</strong></span> <span class='ocrx_word' id='word_1_77' title='bbox 1198 1502 1379 1582; x_wconf 82' lang='lat' dir='ltr'><strong>capitibus,</strong></span> <span class='ocrx_word' id='word_1_78' title='bbox 1402 1509 1531 1565; x_wconf 88' lang='lat' dir='ltr'><strong>mutato</strong></span> 
     </span>
     <span class='ocr_line' id='line_1_11' title="bbox 352 1596 1531 1678; baseline 0.003 -20"><span class='ocrx_word' id='word_1_79' title='bbox 352 1596 488 1676; x_wconf 89' lang='lat' dir='ltr'><strong>quidem</strong></span> <span class='ocrx_word' id='word_1_80' title='bbox 511 1599 622 1676; x_wconf 91' lang='lat' dir='ltr'><strong>priore</strong></span> <span class='ocrx_word' id='word_1_81' title='bbox 648 1599 893 1660; x_wconf 89' lang='lat' dir='ltr'><strong>sententiarum</strong></span> <span class='ocrx_word' id='word_1_82' title='bbox 919 1600 1052 1673; x_wconf 90' lang='lat' dir='ltr'><strong>ordine,</strong></span> <span class='ocrx_word' id='word_1_83' title='bbox 1078 1599 1282 1678; x_wconf 70' lang='lat' dir='ltr'><strong>praeponit¹;</strong></span> <span class='ocrx_word' id='word_1_84' title='bbox 1307 1599 1409 1661; x_wconf 91' lang='lat' dir='ltr'><strong>immo</strong></span> <span class='ocrx_word' id='word_1_85' title='bbox 1433 1599 1531 1677; x_wconf 89' lang='lat' dir='ltr'><strong>plura</strong></span> 
     </span>
     <span class='ocr_line' id='line_1_12' title="bbox 351 1693 1529 1777; baseline 0.005 -24"><span class='ocrx_word' id='word_1_86' title='bbox 351 1711 389 1754; x_wconf 93' lang='lat' dir='ltr'><strong>ex</strong></span> <span class='ocrx_word' id='word_1_87' title='bbox 408 1693 485 1756; x_wconf 90' lang='lat' dir='ltr'><strong>aliis</strong></span> <span class='ocrx_word' id='word_1_88' title='bbox 507 1701 667 1777; x_wconf 87' lang='lat' dir='ltr'><strong>tractatus</strong></span> <span class='ocrx_word' id='word_1_89' title='bbox 687 1696 780 1758; x_wconf 91' lang='lat' dir='ltr'><strong>illius</strong></span> <span class='ocrx_word' id='word_1_90' title='bbox 800 1697 951 1775; x_wconf 89' lang='lat' dir='ltr'><strong>partibus</strong></span> <span class='ocrx_word' id='word_1_91' title='bbox 968 1698 1124 1775; x_wconf 85' lang='lat' dir='ltr'><strong>excerpit,</strong></span> <span class='ocrx_word' id='word_1_92' title='bbox 1141 1706 1179 1759; x_wconf 91' lang='lat' dir='ltr'><strong>ut</strong></span> <span class='ocrx_word' id='word_1_93' title='bbox 1194 1697 1264 1776; x_wconf 95' lang='lat' dir='ltr'><strong>qui,</strong></span> <span class='ocrx_word' id='word_1_94' title='bbox 1281 1697 1360 1758; x_wconf 90' lang='lat' dir='ltr'><strong>dum</strong></span> <span class='ocrx_word' id='word_1_95' title='bbox 1380 1697 1529 1759; x_wconf 86' lang='lat' dir='ltr'><strong>moribus</strong></span> 
     </span>
     <span class='ocr_line' id='line_1_13' title="bbox 351 1788 1530 1874; baseline 0.006 -25"><span class='ocrx_word' id='word_1_96' title='bbox 351 1788 525 1853; x_wconf 91' lang='lat' dir='ltr'><strong>hominum</strong></span> <span class='ocrx_word' id='word_1_97' title='bbox 542 1793 668 1866; x_wconf 89' lang='lat' dir='ltr'><strong>studet,</strong></span> <span class='ocrx_word' id='word_1_98' title='bbox 687 1813 858 1874; x_wconf 83' lang='lat' dir='ltr'><strong>nunqnam</strong></span> <span class='ocrx_word' id='word_1_99' title='bbox 877 1794 1095 1855; x_wconf 88' lang='lat' dir='ltr'><strong>obliviscatur</strong></span> <span class='ocrx_word' id='word_1_100' title='bbox 1110 1812 1145 1856; x_wconf 90' lang='lat' dir='ltr'><strong>se</strong></span> <span class='ocrx_word' id='word_1_101' title='bbox 1166 1793 1396 1856; x_wconf 86' lang='lat' dir='ltr'><strong>describendis</strong></span> <span class='ocrx_word' id='word_1_102' title='bbox 1410 1793 1530 1856; x_wconf 85' lang='lat' dir='ltr'><strong>bestiis</strong></span> 
     </span>
     <span class='ocr_line' id='line_1_14' title="bbox 350 1887 1530 1971; baseline 0.004 -23"><span class='ocrx_word' id='word_1_103' title='bbox 350 1887 403 1950; x_wconf 91' lang='lat' dir='ltr'><strong>vel</strong></span> <span class='ocrx_word' id='word_1_104' title='bbox 427 1887 603 1952; x_wconf 87' lang='lat' dir='ltr'><strong>arboribus</strong></span> <span class='ocrx_word' id='word_1_105' title='bbox 631 1890 759 1953; x_wconf 90' lang='lat' dir='ltr'><strong>diutius</strong></span> <span class='ocrx_word' id='word_1_106' title='bbox 783 1910 897 1953; x_wconf 90' lang='lat' dir='ltr'><strong>curam</strong></span> <span class='ocrx_word' id='word_1_107' title='bbox 929 1890 1170 1970; x_wconf 59' lang='lat' dir='ltr'><strong>inrpeudissel.</strong></span> <span class='ocrx_word' id='word_1_108' title='bbox 1199 1894 1269 1954; x_wconf 93' lang='lat' dir='ltr'><strong>Nec</strong></span> <span class='ocrx_word' id='word_1_109' title='bbox 1294 1891 1418 1952; x_wconf 91' lang='lat' dir='ltr'><strong>mirum</strong></span> <span class='ocrx_word' id='word_1_110' title='bbox 1441 1893 1530 1971; x_wconf 91' lang='lat' dir='ltr'><strong>quod</strong></span> 
     </span>
     <span class='ocr_line' id='line_1_15' title="bbox 350 1984 1531 2069; baseline 0.006 -24"><span class='ocrx_word' id='word_1_111' title='bbox 350 1984 453 2048; x_wconf 92' lang='lat' dir='ltr'><strong>libros</strong></span> <span class='ocrx_word' id='word_1_112' title='bbox 475 1987 668 2050; x_wconf 86' lang='lat' dir='ltr'><strong>Aristotelis</strong></span> <span class='ocrx_word' id='word_1_113' title='bbox 685 1989 725 2050; x_wconf 90' lang='lat' dir='ltr'><strong>de</strong></span> <span class='ocrx_word' id='word_1_114' title='bbox 741 1989 945 2051; x_wconf 88' lang='lat' dir='ltr'><strong>animalibus</strong></span> <span class='ocrx_word' id='word_1_115' title='bbox 956 1991 979 2064; x_wconf 84' lang='lat'><strong>³,</strong></span> <span class='ocrx_word' id='word_1_116' title='bbox 1003 1989 1175 2069; x_wconf 90' lang='lat' dir='ltr'><strong>Pliniique</strong></span> <span class='ocrx_word' id='word_1_117' title='bbox 1196 1988 1333 2069; x_wconf 88' lang='lat' dir='ltr'><strong>majoris</strong></span> <span class='ocrx_word' id='word_1_118' title='bbox 1355 1989 1395 2052; x_wconf 89' lang='lat' dir='ltr'><strong>de</strong></span> <span class='ocrx_word' id='word_1_119' title='bbox 1411 1996 1531 2052; x_wconf 89' lang='lat' dir='ltr'><strong>natura</strong></span> 
     </span>
     <span class='ocr_line' id='line_1_16' title="bbox 349 2085 1531 2164; baseline 0.006 -21"><span class='ocrx_word' id='word_1_120' title='bbox 349 2101 462 2146; x_wconf 89' lang='lat' dir='ltr'><strong>rerum</strong></span> <span class='ocrx_word' id='word_1_121' title='bbox 475 2092 486 2125; x_wconf 80' lang='lat'><strong>⁴</strong></span> <span class='ocrx_word' id='word_1_122' title='bbox 501 2085 536 2144; x_wconf 90' lang='lat' dir='ltr'><strong>in</strong></span> <span class='ocrx_word' id='word_1_123' title='bbox 553 2104 651 2163; x_wconf 90' lang='lat' dir='ltr'><strong>opere</strong></span> <span class='ocrx_word' id='word_1_124' title='bbox 667 2086 707 2148; x_wconf 94' lang='lat' dir='ltr'><strong>de</strong></span> <span class='ocrx_word' id='word_1_125' title='bbox 723 2086 868 2164; x_wconf 75' lang='lat' dir='ltr'><strong>predatio</strong></span> <span class='ocrx_word' id='word_1_126' title='bbox 885 2095 917 2150; x_wconf 89' lang='lat' dir='ltr'><strong>et</strong></span> <span class='ocrx_word' id='word_1_127' title='bbox 940 2087 1085 2148; x_wconf 90' lang='lat' dir='ltr'><strong>subditis</strong></span> <span class='ocrx_word' id='word_1_128' title='bbox 1106 2104 1191 2164; x_wconf 74' lang='lat' dir='ltr'><strong>sape</strong></span> <span class='ocrx_word' id='word_1_129' title='bbox 1212 2085 1451 2160; x_wconf 86' lang='lat' dir='ltr'><strong>nominaverit,</strong></span> <span class='ocrx_word' id='word_1_130' title='bbox 1469 2106 1531 2150; x_wconf 90' lang='lat' dir='ltr'><strong>nec</strong></span> 
     </span>
     <span class='ocr_line' id='line_1_17' title="bbox 349 2180 1528 2258; baseline 0.003 -18"><span class='ocrx_word' id='word_1_131' title='bbox 349 2180 497 2258; x_wconf 85' lang='lat' dir='ltr'><strong>prolecto</strong></span> <span class='ocrx_word' id='word_1_132' title='bbox 511 2181 591 2244; x_wconf 90' lang='lat' dir='ltr'><strong>huic</strong></span> <span class='ocrx_word' id='word_1_133' title='bbox 611 2182 696 2244; x_wconf 91' lang='lat' dir='ltr'><strong>libro</strong></span> <span class='ocrx_word' id='word_1_134' title='bbox 711 2183 821 2244; x_wconf 88' lang='lat' dir='ltr'><strong>locum</strong></span> <span class='ocrx_word' id='word_1_135' title='bbox 836 2183 933 2244; x_wconf 91' lang='lat' dir='ltr'><strong>illum</strong></span> <span class='ocrx_word' id='word_1_136' title='bbox 949 2184 1065 2245; x_wconf 90' lang='lat' dir='ltr'><strong>deesse</strong></span> <span class='ocrx_word' id='word_1_137' title='bbox 1082 2182 1239 2256; x_wconf 88' lang='lat' dir='ltr'><strong>velimus,</strong></span> <span class='ocrx_word' id='word_1_138' title='bbox 1258 2182 1318 2244; x_wconf 90' lang='lat' dir='ltr'><strong>ubi</strong></span> <span class='ocrx_word' id='word_1_139' title='bbox 1332 2199 1444 2244; x_wconf 89' lang='lat' dir='ltr'><strong>sacras</strong></span> <span class='ocrx_word' id='word_1_140' title='bbox 1459 2183 1528 2244; x_wconf 93' lang='lat' dir='ltr'><strong>vir-</strong></span> 
     </span>
     <span class='ocr_line' id='line_1_18' title="bbox 349 2277 1529 2359; baseline 0.004 -21"><span class='ocrx_word' id='word_1_141' title='bbox 349 2277 445 2355; x_wconf 82' lang='lat' dir='ltr'><strong>gines</strong></span> <span class='ocrx_word' id='word_1_142' title='bbox 470 2278 512 2339; x_wconf 90' lang='lat' dir='ltr'><strong>ad</strong></span> <span class='ocrx_word' id='word_1_143' title='bbox 538 2279 736 2340; x_wconf 87' lang='lat' dir='ltr'><strong>servandam</strong></span> <span class='ocrx_word' id='word_1_144' title='bbox 762 2279 961 2359; x_wconf 83' lang='lat' dir='ltr'><strong>pudicitiam</strong></span> <span class='ocrx_word' id='word_1_145' title='bbox 987 2280 1197 2353; x_wconf 83' lang='lat' dir='ltr'><strong>exhortatus,</strong></span> <span class='ocrx_word' id='word_1_146' title='bbox 1225 2279 1489 2358; x_wconf 89' lang='lat' dir='ltr'><strong>inexspectatum</strong></span> <span class='ocrx_word' id='word_1_147' title='bbox 1512 2300 1529 2343; x_wconf 92' lang='lat' dir='ltr'><strong>e</strong></span> 
     </span>
     <span class='ocr_line' id='line_1_19' title="bbox 349 2375 1528 2442; baseline 0.002 -4"><span class='ocrx_word' id='word_1_148' title='bbox 349 2375 476 2438; x_wconf 80' lang='lat' dir='ltr'><strong>Graecia</strong></span> <span class='ocrx_word' id='word_1_149' title='bbox 498 2376 564 2438; x_wconf 92' lang='lat' dir='ltr'><strong>sibi</strong></span> <span class='ocrx_word' id='word_1_150' title='bbox 580 2377 744 2439; x_wconf 88' lang='lat' dir='ltr'><strong>auxilium</strong></span> <span class='ocrx_word' id='word_1_151' title='bbox 764 2376 906 2440; x_wconf 87' lang='lat' dir='ltr'><strong>adscivit</strong></span> <span class='ocrx_word' id='word_1_152' title='bbox 927 2398 934 2438; x_wconf 95' lang='lat'><strong>:</strong></span> <span class='ocrx_word' id='word_1_153' title='bbox 954 2404 967 2434; x_wconf 73' lang='lat' dir='ltr'><strong>e</strong></span> <span class='ocrx_word' id='word_1_154' title='bbox 984 2377 1184 2440; x_wconf 87' lang='lat' dir='ltr'><strong>Aristotcles</strong></span> <span class='ocrx_word' id='word_1_155' title='bbox 1204 2377 1300 2440; x_wconf 89' lang='lat' dir='ltr'><strong>testis</strong></span> <span class='ocrx_word' id='word_1_156' title='bbox 1320 2376 1420 2439; x_wconf 91' lang='lat' dir='ltr'><strong>estin</strong></span> <span class='ocrx_word' id='word_1_157' title='bbox 1442 2376 1528 2442; x_wconf 93' lang='lat' dir='ltr'><strong>libro</strong></span> 
     </span>
     <span class='ocr_line' id='line_1_20' title="bbox 348 2473 1526 2556; baseline 0.003 -23"><span class='ocrx_word' id='word_1_158' title='bbox 348 2473 388 2536; x_wconf 92' lang='lat' dir='ltr'><strong>de</strong></span> <span class='ocrx_word' id='word_1_159' title='bbox 401 2473 616 2549; x_wconf 87' lang='lat' dir='ltr'><strong>animalibus,</strong></span> <span class='ocrx_word' id='word_1_160' title='bbox 630 2475 718 2555; x_wconf 90' lang='lat' dir='ltr'><strong>quod</strong></span> <span class='ocrx_word' id='word_1_161' title='bbox 728 2476 888 2556; x_wconf 91' lang='lat' dir='ltr'><strong>quamdiu</strong></span> <span class='ocrx_word' id='word_1_162' title='bbox 902 2495 959 2538; x_wconf 90' lang='lat' dir='ltr'><strong>sus</strong></span> <span class='ocrx_word' id='word_1_163' title='bbox 973 2474 1175 2538; x_wconf 89' lang='lat' dir='ltr'><strong>sollicitante</strong></span> <span class='ocrx_word' id='word_1_164' title='bbox 1188 2493 1279 2537; x_wconf 90' lang='lat' dir='ltr'><strong>mare</strong></span> <span class='ocrx_word' id='word_1_165' title='bbox 1290 2473 1416 2552; x_wconf 86' lang='lat' dir='ltr'><strong>rigidas</strong></span> <span class='ocrx_word' id='word_1_166' title='bbox 1428 2494 1526 2538; x_wconf 90' lang='lat' dir='ltr'><strong>aures</strong></span> 
     </span>
     <span class='ocr_line' id='line_1_21' title="bbox 348 2571 1527 2654; baseline 0.003 -21"><span class='ocrx_word' id='word_1_167' title='bbox 348 2572 505 2646; x_wconf 87' lang='lat' dir='ltr'><strong>tenuerit,</strong></span> <span class='ocrx_word' id='word_1_168' title='bbox 521 2591 589 2634; x_wconf 91' lang='lat' dir='ltr'><strong>non</strong></span> <span class='ocrx_word' id='word_1_169' title='bbox 605 2573 771 2636; x_wconf 88' lang='lat' dir='ltr'><strong>consentit</strong></span> <span class='ocrx_word' id='word_1_170' title='bbox 786 2573 823 2635; x_wconf 92' lang='lat' dir='ltr'><strong>in</strong></span> <span class='ocrx_word' id='word_1_171' title='bbox 837 2573 973 2647; x_wconf 89' lang='lat' dir='ltr'><strong>coitum,</strong></span> <span class='ocrx_word' id='word_1_172' title='bbox 988 2573 1047 2636; x_wconf 92' lang='lat' dir='ltr'><strong>ubi</strong></span> <span class='ocrx_word' id='word_1_173' title='bbox 1062 2592 1140 2636; x_wconf 91' lang='lat' dir='ltr'><strong>vcro</strong></span> <span class='ocrx_word' id='word_1_174' title='bbox 1154 2572 1266 2636; x_wconf 90' lang='lat' dir='ltr'><strong>laxare</strong></span> <span class='ocrx_word' id='word_1_175' title='bbox 1282 2590 1381 2634; x_wconf 89' lang='lat' dir='ltr'><strong>aures</strong></span> <span class='ocrx_word' id='word_1_176' title='bbox 1396 2571 1527 2654; x_wconf 90' lang='lat' dir='ltr'><strong>incepe-</strong></span> 
     </span>
     <span class='ocr_line' id='line_1_22' title="bbox 347 2669 924 2743; baseline 0.007 -14"><span class='ocrx_word' id='word_1_177' title='bbox 347 2669 402 2743; x_wconf 91' lang='lat' dir='ltr'><strong>rit,</strong></span> <span class='ocrx_word' id='word_1_178' title='bbox 421 2670 463 2731; x_wconf 90' lang='lat' dir='ltr'><strong>ad</strong></span> <span class='ocrx_word' id='word_1_179' title='bbox 478 2669 646 2732; x_wconf 86' lang='lat' dir='ltr'><strong>luxuriam</strong></span> <span class='ocrx_word' id='word_1_180' title='bbox 662 2671 855 2733; x_wconf 89' lang='lat' dir='ltr'><strong>stimulatur</strong></span> <span class='ocrx_word' id='word_1_181' title='bbox 868 2674 890 2731; x_wconf 78' lang='lat'><strong>⁵.</strong></span> <span class='ocrx_word' id='word_1_182' title='bbox 910 2695 924 2726; x_wconf 72' lang='lat' dir='ltr'><strong>a</strong></span> 
     </span>
    </p>

    <p class='ocr_par' dir='ltr' id='par_1_4' title="bbox 345 2766 1525 3427">
     <span class='ocr_line' id='line_1_23' title="bbox 386 2766 1525 2847; baseline 0.004 -21"><span class='ocrx_word' id='word_1_183' title='bbox 386 2767 481 2840; x_wconf 82' lang='lat' dir='ltr'><strong>Quod</strong></span> <span class='ocrx_word' id='word_1_184' title='bbox 496 2766 536 2828; x_wconf 90' lang='lat' dir='ltr'><strong>ad</strong></span> <span class='ocrx_word' id='word_1_185' title='bbox 551 2767 707 2846; x_wconf 87' lang='lat' dir='ltr'><strong>antiquos</strong></span> <span class='ocrx_word' id='word_1_186' title='bbox 724 2776 876 2830; x_wconf 86' lang='lat' dir='ltr'><strong>auctores</strong></span> <span class='ocrx_word' id='word_1_187' title='bbox 892 2775 1029 2846; x_wconf 90' lang='lat' dir='ltr'><strong>spectat,</strong></span> <span class='ocrx_word' id='word_1_188' title='bbox 1047 2768 1209 2847; x_wconf 79' lang='lat' dir='ltr'><strong>qrraedam,</strong></span> <span class='ocrx_word' id='word_1_189' title='bbox 1226 2784 1244 2830; x_wconf 89' lang='lat' dir='ltr'><strong>e</strong></span> <span class='ocrx_word' id='word_1_190' title='bbox 1261 2768 1442 2830; x_wconf 85' lang='lat' dir='ltr'><strong>Terentio⁶</strong></span> <span class='ocrx_word' id='word_1_191' title='bbox 1463 2770 1525 2830; x_wconf 88' lang='lat' dir='ltr'><strong>Lu-</strong></span> 
     </span>
     <span class='ocr_line' id='line_1_24' title="bbox 346 2864 1525 2942; baseline 0.002 -19"><span class='ocrx_word' id='word_1_192' title='bbox 346 2869 517 2941; x_wconf 80' lang='lat' dir='ltr'><strong>cauoque²</strong></span> <span class='ocrx_word' id='word_1_193' title='bbox 539 2864 729 2942; x_wconf 86' lang='lat' dir='ltr'><strong>desumpta,</strong></span> <span class='ocrx_word' id='word_1_194' title='bbox 748 2865 970 2942; x_wconf 84' lang='lat' dir='ltr'><strong>transcripsit.</strong></span> <span class='ocrx_word' id='word_1_195' title='bbox 989 2865 1179 2926; x_wconf 69' lang='lat' dir='ltr'><strong>l‘riscianil</strong></span> <span class='ocrx_word' id='word_1_196' title='bbox 1201 2883 1334 2942; x_wconf 77' lang='lat' dir='ltr'><strong>&lt;proque</strong></span> <span class='ocrx_word' id='word_1_197' title='bbox 1350 2872 1382 2925; x_wconf 88' lang='lat' dir='ltr'><strong>ct</strong></span> <span class='ocrx_word' id='word_1_198' title='bbox 1396 2864 1525 2926; x_wconf 85' lang='lat' dir='ltr'><strong>Valerii</strong></span> 
     </span>
     <span class='ocr_line' id='line_1_25' title="bbox 346 2958 1524 3038; baseline 0.001 -20"><span class='ocrx_word' id='word_1_199' title='bbox 346 2958 506 3018; x_wconf 80' lang='lat' dir='ltr'><strong>Maximi⁹</strong></span> <span class='ocrx_word' id='word_1_200' title='bbox 521 2958 655 3036; x_wconf 87' lang='lat' dir='ltr'><strong>scriptis</strong></span> <span class='ocrx_word' id='word_1_201' title='bbox 672 2978 753 3021; x_wconf 91' lang='lat' dir='ltr'><strong>usus</strong></span> <span class='ocrx_word' id='word_1_202' title='bbox 769 2967 836 3032; x_wconf 86' lang='lat' dir='ltr'><strong>est3</strong></span> <span class='ocrx_word' id='word_1_203' title='bbox 854 2961 1039 3038; x_wconf 66' lang='lat' dir='ltr'><strong>saepissime</strong></span> <span class='ocrx_word' id='word_1_204' title='bbox 1052 2978 1129 3021; x_wconf 92' lang='lat' dir='ltr'><strong>vero</strong></span> <span class='ocrx_word' id='word_1_205' title='bbox 1142 2961 1304 3022; x_wconf 84' lang='lat' dir='ltr'><strong>Senecam</strong></span> <span class='ocrx_word' id='word_1_206' title='bbox 1320 2977 1524 3038; x_wconf 73' lang='lat' dir='ltr'><strong>eorumquae</strong></span> 
     </span>
     <span class='ocr_line' id='line_1_26' title="bbox 346 3054 1523 3136; baseline 0.003 -22"><span class='ocrx_word' id='word_1_207' title='bbox 346 3054 551 3116; x_wconf 89' lang='lat' dir='ltr'><strong>demonstrat</strong></span> <span class='ocrx_word' id='word_1_208' title='bbox 570 3062 689 3118; x_wconf 90' lang='lat' dir='ltr'><strong>testem</strong></span> <span class='ocrx_word' id='word_1_209' title='bbox 712 3057 777 3119; x_wconf 92' lang='lat' dir='ltr'><strong>sibi</strong></span> <span class='ocrx_word' id='word_1_210' title='bbox 797 3057 955 3127; x_wconf 88' lang='lat' dir='ltr'><strong>assumit,</strong></span> <span class='ocrx_word' id='word_1_211' title='bbox 975 3057 1071 3136; x_wconf 88' lang='lat' dir='ltr'><strong>cujus</strong></span> <span class='ocrx_word' id='word_1_212' title='bbox 1094 3056 1197 3117; x_wconf 90' lang='lat' dir='ltr'><strong>verba</strong></span> <span class='ocrx_word' id='word_1_213' title='bbox 1219 3062 1286 3116; x_wconf 89' lang='lat' dir='ltr'><strong>tarn</strong></span> <span class='ocrx_word' id='word_1_214' title='bbox 1308 3073 1346 3117; x_wconf 91' lang='lat' dir='ltr'><strong>ex</strong></span> <span class='ocrx_word' id='word_1_215' title='bbox 1369 3055 1523 3133; x_wconf 88' lang='lat' dir='ltr'><strong>epistulis</strong></span> 
     </span>
     <span class='ocr_line' id='line_1_27' title="bbox 345 3151 1521 3233; baseline 0 -20"><span class='ocrx_word' id='word_1_216' title='bbox 345 3169 446 3230; x_wconf 87' lang='lat' dir='ltr'><strong>quam</strong></span> <span class='ocrx_word' id='word_1_217' title='bbox 461 3151 597 3216; x_wconf 85' lang='lat' dir='ltr'><strong>aliunde</strong></span> <span class='ocrx_word' id='word_1_218' title='bbox 612 3153 816 3233; x_wconf 89' lang='lat' dir='ltr'><strong>deprompta,</strong></span> <span class='ocrx_word' id='word_1_219' title='bbox 832 3161 863 3216; x_wconf 89' lang='lat' dir='ltr'><strong>et</strong></span> <span class='ocrx_word' id='word_1_220' title='bbox 878 3156 972 3216; x_wconf 89' lang='lat' dir='ltr'><strong>Bono</strong></span> <span class='ocrx_word' id='word_1_221' title='bbox 987 3152 1173 3215; x_wconf 88' lang='lat' dir='ltr'><strong>universali</strong></span> <span class='ocrx_word' id='word_1_222' title='bbox 1188 3152 1227 3215; x_wconf 92' lang='lat' dir='ltr'><strong>do</strong></span> <span class='ocrx_word' id='word_1_223' title='bbox 1243 3152 1363 3231; x_wconf 89' lang='lat' dir='ltr'><strong>apibus</strong></span> <span class='ocrx_word' id='word_1_224' title='bbox 1377 3152 1521 3226; x_wconf 87' lang='lat' dir='ltr'><strong>inserta,</strong></span> 
     </span>
     <span class='ocr_line' id='line_1_28' title="bbox 346 3248 1522 3330; baseline -0.003 -18"><span class='ocrx_word' id='word_1_225' title='bbox 346 3249 376 3312; x_wconf 89' lang='lat' dir='ltr'><strong>si</strong></span> <span class='ocrx_word' id='word_1_226' title='bbox 387 3250 429 3312; x_wconf 91' lang='lat' dir='ltr'><strong>ab</strong></span> <span class='ocrx_word' id='word_1_227' title='bbox 442 3250 554 3330; x_wconf 91' lang='lat' dir='ltr'><strong>aliquo</strong></span> <span class='ocrx_word' id='word_1_228' title='bbox 567 3251 603 3312; x_wconf 90' lang='lat' dir='ltr'><strong>in</strong></span> <span class='ocrx_word' id='word_1_229' title='bbox 618 3270 724 3313; x_wconf 89' lang='lat' dir='ltr'><strong>unum</strong></span> <span class='ocrx_word' id='word_1_230' title='bbox 740 3259 911 3330; x_wconf 79' lang='lat' dir='ltr'><strong>cogantur,</strong></span> <span class='ocrx_word' id='word_1_231' title='bbox 927 3270 993 3312; x_wconf 93' lang='lat' dir='ltr'><strong>non</strong></span> <span class='ocrx_word' id='word_1_232' title='bbox 1004 3269 1142 3330; x_wconf 89' lang='lat' dir='ltr'><strong>parvam</strong></span> <span class='ocrx_word' id='word_1_233' title='bbox 1154 3249 1257 3311; x_wconf 90' lang='lat' dir='ltr'><strong>totius</strong></span> <span class='ocrx_word' id='word_1_234' title='bbox 1271 3248 1382 3327; x_wconf 89' lang='lat' dir='ltr'><strong>operis</strong></span> <span class='ocrx_word' id='word_1_235' title='bbox 1394 3257 1522 3328; x_wconf 90' lang='lat' dir='ltr'><strong>partem</strong></span> 
     </span>
     <span class='ocr_line' id='line_1_29' title="bbox 347 3347 796 3427; baseline -0.004 -15"><span class='ocrx_word' id='word_1_236' title='bbox 347 3366 385 3412; x_wconf 88' lang='lat' dir='ltr'><strong>ex</strong></span> <span class='ocrx_word' id='word_1_237' title='bbox 401 3347 444 3410; x_wconf 91' lang='lat' dir='ltr'><strong>iis</strong></span> <span class='ocrx_word' id='word_1_238' title='bbox 460 3355 612 3410; x_wconf 88' lang='lat' dir='ltr'><strong>constare</strong></span> <span class='ocrx_word' id='word_1_239' title='bbox 628 3357 796 3427; x_wconf 86' lang='lat' dir='ltr'><strong>appareat.</strong></span> 
     </span>
    </p>

    <p class='ocr_par' dir='ltr' id='par_1_5' title="bbox 345 3442 1522 3820">
     <span class='ocr_line' id='line_1_30' title="bbox 387 3442 1522 3527; baseline -0.006 -17"><span class='ocrx_word' id='word_1_240' title='bbox 387 3445 571 3527; x_wconf 79' lang='lat' dir='ltr'><strong>Utriusque</strong></span> <span class='ocrx_word' id='word_1_241' title='bbox 586 3446 777 3508; x_wconf 88' lang='lat' dir='ltr'><strong>testamenti</strong></span> <span class='ocrx_word' id='word_1_242' title='bbox 791 3446 896 3509; x_wconf 90' lang='lat' dir='ltr'><strong>libros</strong></span> <span class='ocrx_word' id='word_1_243' title='bbox 912 3453 943 3508; x_wconf 89' lang='lat' dir='ltr'><strong>ct</strong></span> <span class='ocrx_word' id='word_1_244' title='bbox 956 3445 1080 3525; x_wconf 90' lang='lat' dir='ltr'><strong>optime</strong></span> <span class='ocrx_word' id='word_1_245' title='bbox 1096 3444 1199 3518; x_wconf 89' lang='lat' dir='ltr'><strong>novit,</strong></span> <span class='ocrx_word' id='word_1_246' title='bbox 1214 3450 1246 3506; x_wconf 93' lang='lat' dir='ltr'><strong>ct</strong></span> <span class='ocrx_word' id='word_1_247' title='bbox 1261 3461 1280 3505; x_wconf 88' lang='lat' dir='ltr'><strong>a</strong></span> <span class='ocrx_word' id='word_1_248' title='bbox 1295 3443 1403 3522; x_wconf 88' lang='lat' dir='ltr'><strong>prima</strong></span> <span class='ocrx_word' id='word_1_249' title='bbox 1418 3443 1460 3504; x_wconf 91' lang='lat' dir='ltr'><strong>ad</strong></span> <span class='ocrx_word' id='word_1_250' title='bbox 1474 3442 1522 3504; x_wconf 92' lang='lat' dir='ltr'><strong>ul-</strong></span> 
     </span>
     <span class='ocr_line' id='line_1_31' title="bbox 347 3541 1522 3626; baseline -0.001 -21"><span class='ocrx_word' id='word_1_251' title='bbox 347 3543 461 3607; x_wconf 88' lang='lat' dir='ltr'><strong>limam</strong></span> <span class='ocrx_word' id='word_1_252' title='bbox 477 3564 583 3626; x_wconf 89' lang='lat' dir='ltr'><strong>usque</strong></span> <span class='ocrx_word' id='word_1_253' title='bbox 599 3545 755 3624; x_wconf 66' lang='lat' dir='ltr'><strong>perginam</strong></span> <span class='ocrx_word' id='word_1_254' title='bbox 778 3564 817 3608; x_wconf 90' lang='lat' dir='ltr'><strong>ea</strong></span> <span class='ocrx_word' id='word_1_255' title='bbox 837 3544 979 3608; x_wconf 88' lang='lat' dir='ltr'><strong>scientia</strong></span> <span class='ocrx_word' id='word_1_256' title='bbox 1001 3543 1170 3616; x_wconf 90' lang='lat' dir='ltr'><strong>adhibuit,</strong></span> <span class='ocrx_word' id='word_1_257' title='bbox 1191 3561 1265 3622; x_wconf 73' lang='lat' dir='ltr'><strong>quac</strong></span> <span class='ocrx_word' id='word_1_258' title='bbox 1286 3541 1396 3603; x_wconf 89' lang='lat' dir='ltr'><strong>virum</strong></span> <span class='ocrx_word' id='word_1_259' title='bbox 1416 3541 1522 3604; x_wconf 87' lang='lat' dir='ltr'><strong>sacris</strong></span> 
     </span>
     <span class='ocr_line' id='line_1_32' title="bbox 346 3640 1521 3722; baseline -0.005 -16"><span class='ocrx_word' id='word_1_260' title='bbox 346 3643 521 3722; x_wconf 87' lang='lat' dir='ltr'><strong>scripturis</strong></span> <span class='ocrx_word' id='word_1_261' title='bbox 533 3644 681 3722; x_wconf 86' lang='lat' dir='ltr'><strong>adprime</strong></span> <span class='ocrx_word' id='word_1_262' title='bbox 691 3643 808 3722; x_wconf 89' lang='lat' dir='ltr'><strong>prodat</strong></span> <span class='ocrx_word' id='word_1_263' title='bbox 819 3643 999 3705; x_wconf 89' lang='lat' dir='ltr'><strong>eruditum.</strong></span> <span class='ocrx_word' id='word_1_264' title='bbox 1013 3642 1079 3704; x_wconf 85' lang='lat' dir='ltr'><strong>Sed</strong></span> <span class='ocrx_word' id='word_1_265' title='bbox 1091 3642 1224 3703; x_wconf 88' lang='lat' dir='ltr'><strong>boatum</strong></span> <span class='ocrx_word' id='word_1_266' title='bbox 1235 3640 1448 3719; x_wconf 87' lang='lat' dir='ltr'><strong>potissimum</strong></span> <span class='ocrx_word' id='word_1_267' title='bbox 1456 3642 1521 3700; x_wconf 85' lang='lat' dir='ltr'><strong>Au-</strong></span> 
     </span>
     <span class='ocr_line' id='line_1_33' title="bbox 345 3739 1519 3820; baseline -0.003 -18"><span class='ocrx_word' id='word_1_268' title='bbox 345 3739 518 3818; x_wconf 76' lang='lat' dir='ltr'><strong>gustinurn</strong></span> <span class='ocrx_word' id='word_1_269' title='bbox 533 3760 569 3804; x_wconf 88' lang='lat' dir='ltr'><strong>re</strong></span> <span class='ocrx_word' id='word_1_270' title='bbox 586 3741 658 3820; x_wconf 90' lang='lat' dir='ltr'><strong>ipsa</strong></span> <span class='ocrx_word' id='word_1_271' title='bbox 673 3741 738 3802; x_wconf 89' lang='lat' dir='ltr'><strong>sihi</strong></span> <span class='ocrx_word' id='word_1_272' title='bbox 755 3741 873 3804; x_wconf 85' lang='lat' dir='ltr'><strong>duccur</strong></span> <span class='ocrx_word' id='word_1_273' title='bbox 888 3748 920 3804; x_wconf 88' lang='lat' dir='ltr'><strong>et</strong></span> <span class='ocrx_word' id='word_1_274' title='bbox 935 3740 1134 3819; x_wconf 78' lang='lat' dir='ltr'><strong>rrragistruur</strong></span> <span class='ocrx_word' id='word_1_275' title='bbox 1149 3739 1255 3801; x_wconf 88' lang='lat' dir='ltr'><strong>luisse</strong></span> <span class='ocrx_word' id='word_1_276' title='bbox 1271 3739 1443 3818; x_wconf 82' lang='lat' dir='ltr'><strong>professus</strong></span> <span class='ocrx_word' id='word_1_277' title='bbox 1458 3746 1519 3812; x_wconf 90' lang='lat' dir='ltr'><strong>est,</strong></span> 
     </span>
    </p>
   </div>
   <div class='ocr_carea' id='block_1_3' title="bbox 343 4015 1519 4811">
    <p class='ocr_par' dir='ltr' id='par_1_6' title="bbox 378 4015 1317 4083">
     <span class='ocr_line' id='line_1_34' title="bbox 378 4015 1317 4083; baseline -0.003 -14"><span class='ocrx_word' id='word_1_278' title='bbox 378 4019 399 4070; x_wconf 92' lang='lat' dir='ltr'><strong>l.</strong></span> <span class='ocrx_word' id='word_1_279' title='bbox 416 4020 488 4070; x_wconf 83' lang='lat' dir='ltr'><strong>Vide</strong></span> <span class='ocrx_word' id='word_1_280' title='bbox 503 4021 628 4071; x_wconf 89' lang='lat' dir='ltr'><strong>codicem</strong></span> <span class='ocrx_word' id='word_1_281' title='bbox 645 4020 829 4070; x_wconf 73' lang='lat' dir='ltr'><strong>parisiensem</strong></span> <span class='ocrx_word' id='word_1_282' title='bbox 846 4021 892 4072; x_wconf 76' lang='lat'><strong>5‘23</strong></span> <span class='ocrx_word' id='word_1_283' title='bbox 907 4035 932 4083; x_wconf 83' lang='lat' dir='ltr'><strong>a,</strong></span> <span class='ocrx_word' id='word_1_284' title='bbox 947 4021 992 4069; x_wconf 83' lang='lat' dir='ltr'><strong>sol.</strong></span> <span class='ocrx_word' id='word_1_285' title='bbox 1012 4018 1055 4070; x_wconf 75' lang='lat' dir='ltr'><strong>lxl</strong></span> <span class='ocrx_word' id='word_1_286' title='bbox 1066 4027 1094 4068; x_wconf 86' lang='lat' dir='ltr'><strong>v·</strong></span> <span class='ocrx_word' id='word_1_287' title='bbox 1111 4017 1132 4080; x_wconf 86' lang='lat'><strong>1,</strong></span> <span class='ocrx_word' id='word_1_288' title='bbox 1147 4044 1178 4054; x_wconf 95' lang='lat'><em>-</em></span> <span class='ocrx_word' id='word_1_289' title='bbox 1195 4015 1239 4067; x_wconf 76' lang='lat'><strong>¹27</strong></span> <span class='ocrx_word' id='word_1_290' title='bbox 1253 4024 1277 4065; x_wconf 87' lang='lat' dir='ltr'><strong>r·</strong></span> <span class='ocrx_word' id='word_1_291' title='bbox 1295 4016 1317 4067; x_wconf 91' lang='lat' dir='ltr'><strong>l.</strong></span> 
     </span>
    </p>

    <p class='ocr_par' dir='ltr' id='par_1_7' title="bbox 343 4096 1519 4245">
     <span class='ocr_line' id='line_1_35' title="bbox 374 4096 1519 4166; baseline -0.002 -18"><span class='ocrx_word' id='word_1_292' title='bbox 374 4099 398 4148; x_wconf 78' lang='lat' dir='ltr'><strong>l.</strong></span> <span class='ocrx_word' id='word_1_293' title='bbox 418 4100 487 4150; x_wconf 83' lang='lat' dir='ltr'><strong>Vldo</strong></span> <span class='ocrx_word' id='word_1_294' title='bbox 503 4102 603 4150; x_wconf 90' lang='lat' dir='ltr'><strong>librum</strong></span> <span class='ocrx_word' id='word_1_295' title='bbox 620 4101 645 4166; x_wconf 91' lang='lat'><strong>1,</strong></span> <span class='ocrx_word' id='word_1_296' title='bbox 661 4105 745 4164; x_wconf 84' lang='lat' dir='ltr'><strong>caput</strong></span> <span class='ocrx_word' id='word_1_297' title='bbox 765 4113 832 4163; x_wconf 85' lang='lat' dir='ltr'><strong>xxv,</strong></span> <span class='ocrx_word' id='word_1_298' title='bbox 849 4101 1011 4164; x_wconf 86' lang='lat' dir='ltr'><strong>particulam</strong></span> <span class='ocrx_word' id='word_1_299' title='bbox 1027 4099 1056 4161; x_wconf 83' lang='lat'><strong>3;</strong></span> <span class='ocrx_word' id='word_1_300' title='bbox 1076 4099 1124 4151; x_wconf 89' lang='lat' dir='ltr'><strong>lib.</strong></span> <span class='ocrx_word' id='word_1_301' title='bbox 1140 4097 1178 4157; x_wconf 90' lang='lat'><strong>11,</strong></span> <span class='ocrx_word' id='word_1_302' title='bbox 1197 4111 1258 4161; x_wconf 81' lang='lat' dir='ltr'><strong>cop.</strong></span> <span class='ocrx_word' id='word_1_303' title='bbox 1274 4109 1329 4157; x_wconf 86' lang='lat' dir='ltr'><strong>vu,</strong></span> <span class='ocrx_word' id='word_1_304' title='bbox 1345 4097 1357 4159; x_wconf 65' lang='grc' dir='ltr'>ξ</span> <span class='ocrx_word' id='word_1_305' title='bbox 1372 4096 1399 4156; x_wconf 84' lang='grc'><strong>3;</strong></span> <span class='ocrx_word' id='word_1_306' title='bbox 1415 4097 1462 4146; x_wconf 88' lang='lat' dir='ltr'><strong>lib.</strong></span> <span class='ocrx_word' id='word_1_307' title='bbox 1479 4097 1519 4158; x_wconf 92' lang='lat'><strong>11,</strong></span> 
     </span>
     <span class='ocr_line' id='line_1_36' title="bbox 343 4180 1174 4245; baseline 0 -17"><span class='ocrx_word' id='word_1_308' title='bbox 343 4195 403 4243; x_wconf 87' lang='lat' dir='ltr'><strong>cap.</strong></span> <span class='ocrx_word' id='word_1_309' title='bbox 420 4193 499 4242; x_wconf 79' lang='lat' dir='ltr'><strong>xxxx,</strong></span> <span class='ocrx_word' id='word_1_310' title='bbox 515 4183 527 4244; x_wconf 70' lang='grc' dir='ltr'>ξ</span> <span class='ocrx_word' id='word_1_311' title='bbox 541 4183 584 4241; x_wconf 78' lang='grc'><strong>3·2;</strong></span> <span class='ocrx_word' id='word_1_312' title='bbox 601 4197 660 4245; x_wconf 81' lang='lat' dir='ltr'><strong>cap.</strong></span> <span class='ocrx_word' id='word_1_313' title='bbox 678 4194 746 4242; x_wconf 86' lang='lat' dir='ltr'><strong>xxx,</strong></span> <span class='ocrx_word' id='word_1_314' title='bbox 762 4182 774 4244; x_wconf 67' lang='grc' dir='ltr'>ξ</span> <span class='ocrx_word' id='word_1_315' title='bbox 788 4181 831 4232; x_wconf 69' lang='grc' dir='ltr'><strong>Ἱὸτ</strong></span> <span class='ocrx_word' id='word_1_316' title='bbox 846 4196 906 4244; x_wconf 82' lang='lat' dir='ltr'><strong>cap.</strong></span> <span class='ocrx_word' id='word_1_317' title='bbox 925 4193 991 4239; x_wconf 85' lang='lat' dir='ltr'><strong>nvn,</strong></span> <span class='ocrx_word' id='word_1_318' title='bbox 1005 4181 1030 4242; x_wconf 59' lang='lat' dir='ltr'><strong>{fl</strong></span> <span class='ocrx_word' id='word_1_319' title='bbox 1046 4182 1068 4240; x_wconf 87' lang='lat'><strong>5,</strong></span> <span class='ocrx_word' id='word_1_320' title='bbox 1082 4180 1105 4242; x_wconf 89' lang='grc'><strong>9,</strong></span> <span class='ocrx_word' id='word_1_321' title='bbox 1122 4186 1174 4228; x_wconf 87' lang='lat' dir='ltr'><strong>otc.</strong></span> 
     </span>
    </p>

    <p class='ocr_par' dir='ltr' id='par_1_8' title="bbox 374 4259 954 4324">
     <span class='ocr_line' id='line_1_37' title="bbox 374 4259 954 4324; baseline -0.003 -14"><span class='ocrx_word' id='word_1_322' title='bbox 374 4262 396 4310; x_wconf 81' lang='grc'><strong>3.</strong></span> <span class='ocrx_word' id='word_1_323' title='bbox 413 4261 447 4324; x_wconf 91' lang='lat' dir='ltr'><strong>ll,</strong></span> <span class='ocrx_word' id='word_1_324' title='bbox 462 4273 530 4320; x_wconf 78' lang='lat' dir='ltr'><strong>xxx,</strong></span> <span class='ocrx_word' id='word_1_325' title='bbox 544 4263 568 4320; x_wconf 88' lang='grc'><strong>7,</strong></span> <span class='ocrx_word' id='word_1_326' title='bbox 584 4261 623 4322; x_wconf 72' lang='lat' dir='ltr'><strong>tl,</strong></span> <span class='ocrx_word' id='word_1_327' title='bbox 639 4261 682 4310; x_wconf 79' lang='lat' dir='ltr'><strong>lb:</strong></span> <span class='ocrx_word' id='word_1_328' title='bbox 699 4261 733 4318; x_wconf 87' lang='lat' dir='ltr'><strong>ll,</strong></span> <span class='ocrx_word' id='word_1_329' title='bbox 751 4272 848 4321; x_wconf 80' lang='lat' dir='ltr'><strong>xxxxv,</strong></span> <span class='ocrx_word' id='word_1_330' title='bbox 864 4259 887 4319; x_wconf 86' lang='lat' dir='ltr'><strong>l,</strong></span> <span class='ocrx_word' id='word_1_331' title='bbox 901 4263 954 4308; x_wconf 87' lang='lat' dir='ltr'><strong>otc.</strong></span> 
     </span>
    </p>

    <p class='ocr_par' dir='ltr' id='par_1_9' title="bbox 374 4339 765 4404">
     <span class='ocr_line' id='line_1_38' title="bbox 374 4339 765 4404; baseline 0 -14"><span class='ocrx_word' id='word_1_332' title='bbox 374 4340 396 4390; x_wconf 83' lang='lat' dir='ltr'><strong>l.</strong></span> <span class='ocrx_word' id='word_1_333' title='bbox 414 4341 448 4401; x_wconf 90' lang='lat'><strong>11,</strong></span> <span class='ocrx_word' id='word_1_334' title='bbox 464 4353 532 4404; x_wconf 90' lang='lat' dir='ltr'><strong>xxv,</strong></span> <span class='ocrx_word' id='word_1_335' title='bbox 548 4342 578 4400; x_wconf 83' lang='grc'><strong>3;</strong></span> <span class='ocrx_word' id='word_1_336' title='bbox 594 4341 629 4398; x_wconf 86' lang='lat'><strong>11.</strong></span> <span class='ocrx_word' id='word_1_337' title='bbox 644 4352 712 4400; x_wconf 84' lang='lat' dir='ltr'><strong>xxx,</strong></span> <span class='ocrx_word' id='word_1_338' title='bbox 726 4339 765 4390; x_wconf 80' lang='lat' dir='ltr'><strong>ll.</strong></span> 
     </span>
    </p>

    <p class='ocr_par' dir='ltr' id='par_1_10' title="bbox 373 4421 583 4485">
     <span class='ocr_line' id='line_1_39' title="bbox 373 4421 583 4485; baseline 0.005 -11"><span class='ocrx_word' id='word_1_339' title='bbox 373 4423 396 4476; x_wconf 82' lang='lat'><strong>5.</strong></span> <span class='ocrx_word' id='word_1_340' title='bbox 413 4423 447 4485; x_wconf 88' lang='lat'><strong>11,</strong></span> <span class='ocrx_word' id='word_1_341' title='bbox 462 4435 528 4484; x_wconf 90' lang='lat' dir='ltr'><strong>xxx,</strong></span> <span class='ocrx_word' id='word_1_342' title='bbox 545 4421 583 4475; x_wconf 75' lang='lat'><strong>⁴2.</strong></span> 
     </span>
    </p>

    <p class='ocr_par' dir='ltr' id='par_1_11' title="bbox 372 4501 1058 4568">
     <span class='ocr_line' id='line_1_40' title="bbox 372 4501 1058 4568; baseline -0.009 -14"><span class='ocrx_word' id='word_1_343' title='bbox 372 4503 396 4554; x_wconf 83' lang='grc'><strong>6.</strong></span> <span class='ocrx_word' id='word_1_344' title='bbox 413 4503 448 4564; x_wconf 87' lang='lat'><strong>11,</strong></span> <span class='ocrx_word' id='word_1_345' title='bbox 464 4515 532 4568; x_wconf 87' lang='lat' dir='ltr'><strong>xxx,</strong></span> <span class='ocrx_word' id='word_1_346' title='bbox 550 4501 578 4554; x_wconf 80' lang='lat'><strong>15</strong></span> <span class='ocrx_word' id='word_1_347' title='bbox 593 4516 600 4553; x_wconf 75' lang='grc' dir='ltr'><strong>ε</strong></span> <span class='ocrx_word' id='word_1_348' title='bbox 618 4519 630 4549; x_wconf 78' lang='lat' dir='ltr'><strong>r</strong></span> <span class='ocrx_word' id='word_1_349' title='bbox 647 4501 737 4552; x_wconf 91' lang='lat' dir='ltr'><strong>llomo</strong></span> <span class='ocrx_word' id='word_1_350' title='bbox 751 4515 821 4562; x_wconf 85' lang='lat' dir='ltr'><strong>sum,</strong></span> <span class='ocrx_word' id='word_1_351' title='bbox 836 4501 949 4550; x_wconf 79' lang='lat' dir='ltr'><strong>lrunrani</strong></span> <span class='ocrx_word' id='word_1_352' title='bbox 964 4517 988 4560; x_wconf 78' lang='lat' dir='ltr'><strong>a,</strong></span> <span class='ocrx_word' id='word_1_353' title='bbox 1006 4505 1058 4550; x_wconf 84' lang='lat' dir='ltr'><strong>etc.</strong></span> 
     </span>
    </p>

    <p class='ocr_par' dir='ltr' id='par_1_12' title="bbox 372 4579 1400 4646">
     <span class='ocr_line' id='line_1_41' title="bbox 372 4579 1400 4646; baseline -0.003 -12"><span class='ocrx_word' id='word_1_354' title='bbox 372 4586 395 4634; x_wconf 81' lang='grc'><strong>7.</strong></span> <span class='ocrx_word' id='word_1_355' title='bbox 414 4585 434 4646; x_wconf 92' lang='lat' dir='ltr'><strong>l,</strong></span> <span class='ocrx_word' id='word_1_356' title='bbox 450 4596 509 4640; x_wconf 79' lang='lat' dir='ltr'><strong>xvi.</strong></span> <span class='ocrx_word' id='word_1_357' title='bbox 523 4585 538 4634; x_wconf 82' lang='lat' dir='ltr'><strong>‘l</strong></span> <span class='ocrx_word' id='word_1_358' title='bbox 554 4598 560 4634; x_wconf 78' lang='grc' dir='ltr'><strong>ε</strong></span> <span class='ocrx_word' id='word_1_359' title='bbox 579 4601 590 4631; x_wconf 79' lang='lat' dir='ltr'><strong>n</strong></span> <span class='ocrx_word' id='word_1_360' title='bbox 608 4583 709 4634; x_wconf 85' lang='lat' dir='ltr'><strong>Omnia</strong></span> <span class='ocrx_word' id='word_1_361' title='bbox 724 4583 818 4633; x_wconf 83' lang='lat' dir='ltr'><strong>Oaesar</strong></span> <span class='ocrx_word' id='word_1_362' title='bbox 833 4588 893 4632; x_wconf 84' lang='lat' dir='ltr'><strong>orat</strong></span> <span class='ocrx_word' id='word_1_363' title='bbox 909 4599 931 4643; x_wconf 80' lang='lat' dir='ltr'><strong>a,</strong></span> <span class='ocrx_word' id='word_1_364' title='bbox 944 4597 959 4632; x_wconf 87' lang='lat' dir='ltr'><strong>o</strong></span> <span class='ocrx_word' id='word_1_365' title='bbox 974 4582 1077 4632; x_wconf 82' lang='lat' dir='ltr'><strong>Lucani</strong></span> <span class='ocrx_word' id='word_1_366' title='bbox 1094 4583 1165 4632; x_wconf 89' lang='lat' dir='ltr'><strong>libro</strong></span> <span class='ocrx_word' id='word_1_367' title='bbox 1181 4581 1230 4643; x_wconf 92' lang='lat' dir='ltr'><strong>lll,</strong></span> <span class='ocrx_word' id='word_1_368' title='bbox 1244 4591 1327 4630; x_wconf 81' lang='lat' dir='ltr'><strong>versu</strong></span> <span class='ocrx_word' id='word_1_369' title='bbox 1347 4579 1400 4631; x_wconf 82' lang='lat'><strong>108.</strong></span> 
     </span>
    </p>

    <p class='ocr_par' dir='ltr' id='par_1_13' title="bbox 373 4662 601 4724">
     <span class='ocr_line' id='line_1_42' title="bbox 373 4662 601 4724; baseline -0.009 -10"><span class='ocrx_word' id='word_1_370' title='bbox 373 4665 396 4716; x_wconf 90' lang='lat'><strong>8.</strong></span> <span class='ocrx_word' id='word_1_371' title='bbox 413 4664 448 4724; x_wconf 90' lang='lat' dir='ltr'><strong>ll,</strong></span> <span class='ocrx_word' id='word_1_372' title='bbox 463 4676 562 4724; x_wconf 81' lang='lat' dir='ltr'><strong>xxxxv,</strong></span> <span class='ocrx_word' id='word_1_373' title='bbox 578 4662 601 4713; x_wconf 87' lang='lat' dir='ltr'><strong>l.</strong></span> 
     </span>
    </p>

    <p class='ocr_par' dir='ltr' id='par_1_14' title="bbox 373 4740 1517 4811">
     <span class='ocr_line' id='line_1_43' title="bbox 373 4740 1517 4811; baseline -0.004 -14"><span class='ocrx_word' id='word_1_374' title='bbox 373 4746 396 4798; x_wconf 84' lang='grc'><strong>9.</strong></span> <span class='ocrx_word' id='word_1_375' title='bbox 412 4745 524 4809; x_wconf 85' lang='lat' dir='ltr'><strong>ll,x111,</strong></span> <span class='ocrx_word' id='word_1_376' title='bbox 541 4745 673 4811; x_wconf 82' lang='lat' dir='ltr'><strong>li(l&#39;alor.</strong></span> <span class='ocrx_word' id='word_1_377' title='bbox 689 4743 771 4808; x_wconf 65' lang='lat' dir='ltr'><strong>llam,</strong></span> <span class='ocrx_word' id='word_1_378' title='bbox 789 4743 836 4794; x_wconf 89' lang='lat' dir='ltr'><strong>lib.</strong></span> <span class='ocrx_word' id='word_1_379' title='bbox 852 4743 886 4805; x_wconf 93' lang='lat' dir='ltr'><strong>V,</strong></span> <span class='ocrx_word' id='word_1_380' title='bbox 903 4757 963 4808; x_wconf 88' lang='lat' dir='ltr'><strong>cap.</strong></span> <span class='ocrx_word' id='word_1_381' title='bbox 980 4742 1015 4808; x_wconf 85' lang='lat' dir='ltr'><strong>l);</strong></span> <span class='ocrx_word' id='word_1_382' title='bbox 1033 4743 1068 4806; x_wconf 89' lang='lat'><strong>11,</strong></span> <span class='ocrx_word' id='word_1_383' title='bbox 1083 4754 1166 4804; x_wconf 75' lang='lat' dir='ltr'><strong>xvxix,</strong></span> <span class='ocrx_word' id='word_1_384' title='bbox 1179 4741 1193 4791; x_wconf 84' lang='lat' dir='ltr'><strong>l</strong></span> <span class='ocrx_word' id='word_1_385' title='bbox 1206 4741 1309 4807; x_wconf 81' lang='lat' dir='ltr'><strong>(Valor.</strong></span> <span class='ocrx_word' id='word_1_386' title='bbox 1323 4740 1407 4804; x_wconf 60' lang='lat' dir='ltr'><strong>idox,</strong></span> <span class='ocrx_word' id='word_1_387' title='bbox 1420 4740 1469 4805; x_wconf 89' lang='lat' dir='ltr'><strong>1v,</strong></span> <span class='ocrx_word' id='word_1_388' title='bbox 1486 4740 1517 4806; x_wconf 83' lang='lat' dir='ltr'><strong>l).</strong></span> 
     </span>
    </p>
   </div>
   <div class='ocr_carea' id='block_1_4' title="bbox 0 0 1826 5450">
    <p class='ocr_par' dir='ltr' id='par_1_15' title="bbox 0 0 1826 5450">
     <span class='ocr_line' id='line_1_44' title="bbox 0 0 1826 5450; baseline 0 5"><span class='ocrx_word' id='word_1_389' title='bbox 0 0 1826 5450; x_wconf 95' lang='lat' dir='ltr'><strong> </strong></span> 
     </span>
    </p>
   </div>
  </div>
 </body>
</html>
