3644 5450
862 566 1023 627 ...11-

353 697 574 771 incitavisset‚
603 698 790 759 Romanam
818 696 947 757 curiam
973 695 1110 770 adiisse,
1141 693 1331 773 summique
1358 693 1528 772 pontilicis

355 794 552 857 auctoritate
564 792 733 866 munitus,
752 792 788 852 in
805 798 971 854 conventu
987 808 1077 864 eam,
1098 808 1197 870 quam
1213 790 1360 864 decebat,
1378 789 1529 869 discipli-

354 911 431 956 nam
450 892 694 956 rostauruvissc
713 911 719 951 :
739 915 752 947 a
770 891 848 952 Haec
864 890 1017 953 videntes
1038 889 1113 964 alii,
1130 889 1299 952 tinxerunt
1319 907 1354 951 sc
1372 907 1430 968 por
1446 896 1529 950 tem-

353 1009 416 1070 pus
431 991 608 1070 religiosos
620 997 652 1052 et
664 989 845 1070 simpliccS,
859 995 890 1051 et
902 988 937 1051 in
949 988 1122 1070 hypocrisi
1138 987 1293 1070 nequiter
1306 987 1527 1066 ambulanteS,

355 1091 467 1154 abbati
485 1109 522 1154 se
541 1090 639 1172 quasi
658 1088 943 1152 familiarissimos
960 1089 1214 1170 conjunxerunt.
1232 1087 1313 1164 Qui,
1332 1095 1369 1149 ut
1386 1087 1438 1150 vir
1451 1088 1528 1167 pius

355 1199 387 1254 et
411 1191 530 1266 bonne,
556 1190 669 1253 omnia
689 1189 847 1265 tolerans,
874 1189 988 1251 omnia
1012 1188 1161 1264 credens,
1186 1187 1235 1250 eis
1259 1186 1429 1251 liberioris
1453 1187 1529 1250 vitae

353 1290 450 1353 irena
471 1289 604 1352 laxavit.
630 1287 759 1364 Quibus
782 1287 834 1348 illi
855 1295 923 1349 tam
943 1287 1181 1349 damnabiliter
1202 1293 1279 1348 sunt
1299 1285 1407 1360 abusi,
1424 1293 1461 1347 ut
1478 1285 1529 1347 vi·

354 1388 440 1466 giuti
454 1396 527 1449 octo
543 1405 582 1450 ex
602 1387 651 1449 eis
670 1386 744 1464 pari
761 1385 893 1447 malitia
912 1385 1148 1459 convenirent,
1167 1392 1199 1447 et
1213 1391 1281 1446 tres
1296 1382 1387 1446 viros
1405 1380 1529 1444 sceles-

353 1486 503 1548 tissimos
518 1484 665 1547 ribaldos
681 1482 916 1558 conducerent,
936 1491 967 1545 et
985 1501 1041 1546 eos
1056 1483 1092 1543 in
1110 1488 1251 1544 mortem
1266 1481 1375 1544 sancti
1389 1479 1454 1541 viri
1469 1497 1529 1558 per

352 1582 513 1663 pecunias
538 1582 738 1644 animarent.
764 1580 829 1656 Qui
854 1580 998 1659 quodam
1022 1597 1170 1659 vespere,
1197 1596 1273 1641 cum
1297 1577 1410 1640 abbati
1436 1583 1529 1639 extra

352 1679 511 1759 oppidum
527 1679 568 1740 ad
585 1677 719 1756 negotia
733 1675 935 1755 properanti,
954 1676 1041 1738 sicut
1055 1675 1302 1749 ordinaverant,
1322 1674 1526 1747 obviassent,

353 1775 555 1839 salutantem
577 1792 633 1836 eos
654 1793 692 1836 ac
710 1773 947 1852 praedicantem
968 1772 1087 1836 salutis
1107 1772 1195 1834 viam
1216 1772 1373 1834 extractis
1388 1770 1527 1833 ensibus

354 1872 533 1935 crudeliter
550 1871 754 1933 occiderunt.
774 1893 788 1924 1
808 1869 901 1943 Inde,
920 1869 1048 1931 detecto
1064 1867 1200 1942 scelere,
1219 1886 1324 1932 novus
1341 1867 1454 1943 abbas,
1472 1866 1527 1930 ob-

352 1971 455 2034 tentis
470 1989 488 2032 a
503 1988 587 2049 papa
601 1969 642 2030 ad
656 1986 769 2047 regem
784 1968 933 2030 Franciae
946 1967 1167 2048 comitemque
1181 1966 1376 2030 Blesensem
1391 1965 1525 2042 litteris,

353 2087 469 2132 omnes
486 2069 667 2130 monachos
683 2067 823 2129 admissi
840 2067 1000 2128 facinoris
1019 2073 1190 2145 suspectos
1206 2065 1358 2128 saeculari
1372 2063 1529 2144 potestati

352 2167 475 2229 tradit:
495 2191 509 2223 1
527 2183 670 2246 quorum
685 2165 851 2240 nonnulli,
867 2165 1041 2226 veritatem
1057 2163 1237 2226 salubriter
1252 2163 1460 2236 confitentes,
1479 2161 1528 2222 in·

353 2264 514 2328 carcerati
528 2272 700 2342 perpetuu,
716 2263 947 2342 paenitentiam
965 2269 1179 2341 acceperunt,
1202 2260 1261 2323 alii
1276 2278 1369 2336 vero,
1388 2277 1406 2322 a
1422 2259 1527 2323 sacris

352 2362 528 2425 ordinibus
551 2361 740 2440 degradati,
760 2369 865 2422 morte
879 2361 990 2439 puniti
1008 2367 1097 2422 sunt.
1117 2359 1291 2423 Serdecim
1308 2377 1386 2422 vero
1406 2376 1444 2421 ex
1460 2358 1524 2436 eie,

355 2461 464 2543 quiin
480 2460 606 2524 scelere
623 2460 790 2540 potissimi
807 2458 870 2541 (sic)
891 2458 1128 2535 credebantur,
1146 2477 1266 2522 manus
1278 2458 1465 2521 homicidas
1480 2456 1527 2520 si·

351 2559 455 2623 bimet
479 2560 707 2640 imponentes,
732 2559 860 2638 seipsos
885 2558 921 2619 in
948 2557 1139 2620 carceribus
1163 2557 1355 2638 suspendiis
1375 2555 1428 2619 vel
1450 2555 1527 2619 aliis

351 2658 470 2721 mortis
486 2657 666 2736 generibus
682 2657 876 2719 occiderunt
888 2659 908 2716 ¹.
930 2680 944 2712 b

391 2757 484 2818 Inter
509 2770 686 2818 conversos
713 2772 856 2834 quoque,
881 2752 934 2817 vel
956 2755 1078 2816 fratres
1097 2754 1212 2828 laicos,
1237 2762 1269 2817 et
1289 2754 1471 2816 monachos
1490 2754 1526 2816 in
1613 2837 1614 2840 Ἴ

349 2871 418 2916 una
444 2853 627 2933 eademque
652 2853 748 2915 domo
770 2852 851 2914 talia
873 2870 1116 2932 nonnunquam
1140 2852 1216 2914 odia
1237 2853 1394 2914 feruntur
1415 2859 1527 2914 exorta

350 2969 440 3026 esse,
457 2959 494 3013 ut
510 2951 551 3013 ab
572 2951 735 3014 effusione
752 2951 928 3029 sanguinis
947 2969 1012 3012 non
1032 2951 1274 3012 abstinerenta.
1291 2951 1361 3013 Nec
1378 2950 1526 3013 minores

349 3049 439 3112 inter
462 3049 639 3130 religiosos
666 3049 859 3131 clerumque
882 3049 1076 3112 saecularem
1098 3047 1299 3112 simultates.
1327 3052 1366 3111 In
1391 3049 1526 3112 civitate

349 3148 543 3224 Leodiensi,
563 3149 669 3229 major
693 3147 895 3210 cathedralis
918 3146 1066 3210 ecclesiae
1083 3147 1279 3227 praepositus
1301 3165 1377 3208 cum
1399 3153 1526 3209 armata

349 3265 452 3309 manu
474 3247 716 3309 monasterium
739 3247 852 3310 Sancti
874 3246 991 3310 Jacobi
1011 3247 1155 3321 invadit,
1175 3253 1395 3326 nepotemque
1414 3263 1522 3319 suum,

349 3345 408 3424 qui
429 3344 581 3406 ordinem
601 3345 709 3406 sancti
728 3343 903 3406 Benedicti
922 3344 1040 3404 invitis
1059 3344 1130 3405 suis
1147 3343 1341 3416 intraverat,
1361 3343 1525 3404 violenter

350 3438 474 3518 abripit
484 3443 507 3500 ⁸.
529 3441 577 3502 De
599 3438 722 3519 quibus
745 3439 901 3502 omnibus
914 3438 1095 3501 monachos
1119 3438 1182 3501 hoc
1202 3447 1332 3501 tantum
1350 3447 1524 3502 excusatos

348 3535 473 3599 babere
488 3536 642 3610 velimus,
661 3536 749 3617 quod
762 3537 799 3597 in
815 3536 902 3599 clero
916 3537 1068 3600 saeculari
1082 3537 1208 3610 eadem,
1226 3554 1299 3616 quae
1313 3536 1521 3614 inregulari,

347 3651 479 3696 morum
495 3633 623 3697 saevitia
640 3634 762 3713 saepius
777 3639 934 3714 appareat
946 3636 969 3695 ⁴.

380 3854 401 3909 1.
418 3856 439 3919 1,
455 3855 553 3917 1111.
571 3855 648 3906 Hanc
662 3857 800 3920 paginam,
817 3871 830 3906 a
846 3861 922 3906 Bono
939 3857 1523 3920 11111111111111111111111,111(111111111νί1·

328 3934 331 3939 ’
348 3939 471 4002 111111(1.
487 3936 563 3997 v111,
577 3937 630 3986 col.
647 3935 934 4000 1391-1391111111111111
948 3937 1048 3987 litteris
1062 3937 1179 3986 Honorii
1190 3937 1287 4001 Tertii,
1298 3939 1441 4002 nogotium
1454 3952 1522 3989 con-

346 4018 519 4083 tingentibus
530 4018 620 4082 (told,
635 4019 845 4084 instrumenta,
861 4019 913 4070 cel.
929 4018 985 4080 119,
1001 4018 1046 4068 die
1059 4018 1214 4070 decembris
1230 4031 1278 4085 xv,
1296 4033 1369 4070 anne
1386 4020 1523 4084 uucxxvl)

345 4098 483 4150 invenies.

375 4177 400 4230 1.
416 4178 451 4240 11,
464 4190 504 4236 rr.
520 4178 544 4228 ³.

377 4258 401 4310 3.
417 4258 456 4319 11,
473 4269 562 4318 xxxv,
576 4257 601 4310 1.

376 4337 401 4388 l.
419 4337 611 4404 Reginaldum,
627 4337 784 4389 Tulleusem
798 4338 960 4402 episcopum
971 4339 1003 4402 (1,
1016 4350 1073 4403 xxi,
1087 4339 1110 4402 l)
1124 4339 1243 4391 Thomas
1256 4343 1353 4391 narrat
1367 4340 1518 4406 instigante

344 4417 485 4484 Marthae,
499 4419 545 4469 cui
558 4419 589 4469 in
602 4418 765 4484 episcopatu
779 4424 962 4483 successerat,
977 4424 1092 4484 propter
1105 4419 1245 4469 luxuriam
1261 4423 1289 4471 11
1302 4421 1418 4485 rapinas
1435 4421 1520 4486 depo·

347 4499 411 4563 sito,
427 4499 550 4552 occisum
567 4499 693 4553 111101.
711 4502 983 4564 (11111111111111111,
999 4505 1017 4552 1.
1035 4499 1111 4561 Xlll,
1127 4501 1181 4554 col.
1198 4499 1268 4555 1010.
