3644 5450
825 522 864 533 ..
886 490 923 550 59
947 525 984 535 ..

323 615 425 690 tissa,
443 618 551 680 visum
566 635 639 680 esso
657 620 745 699 quod
760 621 939 683 comitissae
955 621 1079 683 cervici
1095 620 1246 698 angelus,
1266 621 1377 699 gladio
1392 640 1502 684 arma-

325 721 390 788 tus,
403 714 606 789 immineret,
624 733 764 796 eamque
774 715 837 779 hoc
850 720 949 780 aDeo
964 718 1153 780 obtinuisse
1164 723 1212 790 ut,
1225 716 1350 795 sospite
1362 716 1499 790 Blanca‚

322 810 396 890 ipsa
410 819 597 875 moreretur
607 815 628 872 ¹.
646 813 836 889 isabellam,
849 815 981 877 comitis
993 813 1259 893 lingulismensis
1270 812 1387 887 filiam,
1400 832 1501 893 quam

323 917 355 972 et
370 909 543 974 iohannes
558 909 688 989 Angliae
703 930 771 985 rex,
789 919 821 974 et
836 914 934 990 Hugo
949 911 1108 974 Marchiae
1123 929 1234 974 comes
1249 929 1385 974 uxorem
1401 911 1501 974 duxe-

321 1014 416 1084 runt,
436 1027 502 1070 non
517 1009 590 1089 ipse
607 1009 714 1082 novit,
732 1010 791 1072 sed
809 1010 845 1071 id
859 1010 932 1073 lieri
947 1016 1147 1090 procurante
1162 1009 1256 1072 illius
1274 1015 1380 1072 matre
1397 1010 1501 1072 refert

322 1105 500 1186 quamdam
515 1105 661 1185 puellam
676 1107 748 1187 ejus
763 1107 935 1188 obsequiis
952 1107 1118 1170 addictam
1140 1125 1231 1183 esse,
1249 1107 1345 1188 cujus
1361 1125 1500 1169 conver·

321 1204 452 1266 satione
467 1211 583 1283 postea
594 1203 666 1283 ipse
681 1223 764 1267 usus
779 1205 883 1268 fuerit
894 1211 918 1267 ².

362 1304 454 1364 Inter
470 1299 594 1376 Gallos,
613 1319 734 1380 genere
752 1301 899 1378 nobiles,
917 1301 1061 1365 maxime
1077 1301 1235 1365 dilectum
1249 1309 1281 1363 et
1295 1301 1498 1365 familiarem

321 1397 439 1461 habuit
454 1397 647 1480 Philippum
664 1399 704 1462 de
719 1399 936 1474 Montmirail,
954 1425 967 1456 1
985 1399 1061 1461 vitae
1075 1397 1329 1478 perfectissimae
1343 1399 1465 1473 virum,
1482 1423 1496 1454 u

320 1498 379 1579 qui
394 1522 408 1556 o
425 1504 531 1560 totum
547 1505 677 1578 tempus
693 1516 792 1561 suum
807 1498 860 1563 vel
872 1498 908 1560 in
921 1497 1072 1562 oratione
1086 1516 1124 1560 ac
1138 1497 1313 1560 devotione
1326 1497 1496 1571 continua,

319 1595 372 1660 vel
384 1597 420 1659 in
437 1597 564 1661 sanctis
580 1597 858 1662 collocutionibus
875 1598 1093 1678 expendebat.
1109 1599 1257 1660 Noverat
1270 1595 1360 1659 enim
1376 1596 1498 1659 multos

320 1693 416 1758 valde
430 1693 597 1774 religiosae
612 1693 688 1757 vitea
703 1695 793 1758 viros
810 1714 847 1758 ac
864 1694 1021 1770 feminas,
1042 1713 1125 1776 qrros
1143 1694 1178 1755 in
1195 1693 1346 1768 Graeciae,
1366 1695 1498 1772 Longo-

319 1791 455 1866 hardiae‚
472 1792 688 1871 Burgundios,
705 1793 901 1868 Provincia,
917 1793 1044 1868 Galliae,
1060 1791 1497 1871 FlandriaeatqueBraban·

320 1889 374 1953 tiae
391 1889 544 1969 partibus
562 1891 740 1971 quaerendo
757 1891 977 1966 lustraverat,
1002 1911 1144 1972 quorum
1162 1891 1321 1963 virtuteS,
1339 1908 1449 1952 mores
1465 1899 1498 1952 et

318 1987 420 2051 verba
440 1987 526 2051 miro
545 2007 620 2052 cum
645 1990 775 2053 fervore
797 1997 830 2053 et
854 1991 1021 2054 desiderio
1040 1990 1222 2063 referebat,
1246 1997 1278 2052 et
1296 1988 1337 2051 ad
1356 1988 1497 2050 meliora

316 2105 376 2166 per
391 2086 453 2148 hoc
465 2095 595 2149 mentes
612 2087 822 2151 audientium
837 2089 1013 2150 excitabat.
1033 2113 1046 2144 r
1065 2088 1153 2150 Huic
1163 2093 1256 2150 tanta
1271 2087 1335 2149 fuit
1351 2104 1429 2165 erga
1441 2105 1495 2149 re-

316 2183 455 2262 ligiosos
472 2185 596 2263 pictas,
613 2192 650 2246 ut
671 2185 724 2246 vix
747 2187 836 2248 unde
856 2185 984 2248 viveret
1001 2185 1145 2258 habens,
1166 2193 1239 2247 octo
1258 2183 1494 2248 cisterciensis

316 2281 445 2343 ordinis
461 2281 666 2344 monasteria
681 2281 879 2356 instituerit,
892 2301 934 2345 ne
946 2283 985 2346 de
1000 2282 1164 2359 Beguinis
1177 2281 1364 2361 loquamur,
1384 2305 1397 2336 ιι
1410 2299 1494 2360 quas

318 2396 424 2458 usque
449 2379 490 2441 ad
514 2379 663 2460 quinque
689 2379 797 2442 millia
822 2387 915 2443 otoo
945 2380 1089 2459 amplius
1115 2379 1149 2440 in
1178 2379 1322 2442 diversis
1347 2378 1431 2440 locis
1457 2377 1493 2439 in

316 2474 444 2540 Christi
457 2477 595 2539 servitio
610 2468 846 2556 mancipavit³.
866 2504 879 2533 a

357 2574 422 2637 Sed
437 2574 535 2654 longe
550 2575 644 2638 abest
658 2583 696 2637 ut
711 2576 750 2637 do
764 2575 835 2639 sola
853 2576 964 2639 Gallia
980 2575 1146 2638 sollicitus
1166 2575 1270 2637 fuerit
1285 2576 1390 2637 irater
1404 2574 1492 2638 Tho-

315 2690 397 2747 mar,
416 2672 486 2753 qui,
501 2691 576 2736 cum
590 2682 678 2737 esset
691 2674 955 2749 Cameracensis,
970 2683 1002 2738 et
1013 2674 1281 2754 Cantipratcnsis
1294 2672 1490 2748 monachae,

316 2776 347 2830 et
363 2769 584 2832 Lovanicnsis
607 2771 772 2849 supprior,
792 2790 845 2833 res
862 2772 896 2832 in
914 2771 1097 2834 Gerumnia
1116 2779 1227 2846 gestas
1246 2771 1370 2849 optimc
1387 2771 1490 2831 novit.
1525 2808 1529 2816 -

314 2869 362 2930 Dc
386 2867 469 2930 viris
496 2868 626 2947 itaque,
650 2868 708 2948 qui
734 2869 915 2946 Imperium
942 2875 1021 2929 tuno
1044 2868 1202 2947 temporis
1223 2867 1490 2934 illustraverunt.

312 2964 411 3042 plura
427 2965 596 3026 memoriae
617 2965 736 3039 tradit,
758 2966 846 3028 inter
865 2985 948 3046 quos
969 2966 1115 3044 primurn
1133 2965 1242 3028 locum
1258 2964 1410 3027 obtinent
1426 2964 1492 3044 ipsi

314 3061 532 3140 imperatores
553 3064 847 3143 Romanorumque
870 3082 978 3141 reges.
999 3063 1164 3126 Othonem
1180 3065 1343 3138 Quartum
1363 3069 1489 3136 narrat,

309 3160 377 3240 jam
390 3160 562 3241 aliquanto
572 3160 695 3222 abhinc
704 3167 851 3240 tempore
861 3169 1041 3245 mortuum,
1052 3162 1183 3224 cuidam
1196 3161 1385 3234 abbatissae,
1395 3161 1491 3241 cujus

314 3264 475 3336 cognatus
497 3257 635 3332 luisset,
661 3259 878 3338 semetipsum
901 3259 1104 3321 ostendisse.
1123 3267 1155 3320 et
1174 3258 1361 3336 rogavisse,
1380 3264 1418 3318 ut
1432 3257 1491 3319 illa

312 3355 347 3416 in
365 3355 508 3418 diversis
524 3356 739 3419 monasteriis
754 3356 968 3436 paenitentias
986 3357 1188 3440 injungeret,
1208 3357 1456 3438 quilursfactiS,
1472 3375 1491 3418 a

311 3453 526 3534 poenis,quas
538 3453 573 3514 in
581 3454 774 3533 purgatorio
783 3454 1490 3534 pateretur,liberareturimperator.idque

311 3553 366 3632 pio
388 3552 603 3615 praedicatori
622 3571 661 3616 eo
675 3553 783 3631 magis
796 3547 995 3616 'mirandum
1015 3554 1157 3624 videtur,
1176 3553 1263 3634 quod
1278 3552 1376 3626 Otho,
1391 3552 1489 3631 paulo

312 3657 491 3730 antequam
513 3651 763 3729 defungeretur,
785 3651 943 3714 saeviente
964 3671 1021 3731 per
1040 3653 1256 3716 Germaniam
1282 3653 1416 3728 frugum
1436 3651 1490 3712 in-

311 3747 404 3828 opie,
429 3772 442 3804 α
466 3748 635 3812 infinitam
656 3767 855 3812 annonam»
873 3751 1088 3813 monasteriis
1108 3757 1140 3812 et
1156 3749 1332 3828 egentibus
1347 3749 1489 3828 largitus

312 3849 480 3937 essetDe
495 3845 589 3909 illius
605 3848 707 3910 etiam
726 3865 805 3927 erga
822 3849 930 3912 Deum
944 3848 1068 3928 pietate
1087 3847 1192 3920 istud,
1210 3845 1307 3909 laudo
1323 3865 1400 3908 vere
1416 3847 1490 3926 dig-

312 3963 410 4018 num,
428 3945 544 4008 eodem
567 3944 639 4008 loco
660 3944 784 4024 legitur
803 3965 810 4006 :
835 3971 848 4002 o
870 3947 941 4009 Nec
958 3945 1110 4019 mireris,
1128 3945 1241 4020 lector,
1264 3944 1344 4025 quia
1363 3943 1489 4007 abillis

312 4039 444 4116 audivi,
470 4042 529 4121 qui
550 4042 779 4106 interfuerunt
800 4041 931 4107 diutino
957 4041 1089 4122 langori
1109 4044 1181 4124 ejus
1203 4050 1236 4105 ct
1259 4041 1374 4115 morti,
1401 4042 1489 4122 quod

312 4138 405 4201 omni
424 4139 478 4202 dic
493 4139 723 4204 sacerdotibus
739 4139 868 4206 Christi
889 4140 1024 4203 dorsum
1043 4159 1142 4204 suum
1164 4139 1301 4202 tradidit
1315 4138 1489 4218 flagellan-

341 4416 363 4469 1.
380 4416 415 4477 11,
430 4429 507 4476 xcvr.
523 4417 546 4470 ii.

340 4497 364 4550 1.
382 4497 416 4562 il,
433 4511 502 4560 xxx,
516 4499 555 4553 ii.

341 4581 364 4634 3.
380 4581 421 4644 11,
439 4593 565 4642 xxxvru,
579 4581 603 4632 1.
619 4581 661 4634 Do
681 4583 779 4634 eodem
795 4581 924 4646 Philippo
943 4581 1046 4632 similia
1062 4581 1189 4646 quoedem
1211 4581 1307 4632 rotulit
1328 4579 1488 4644 Stephanus

309 4661 344 4712 do
353 4661 496 4712 Borbonio
506 4661 610 4727 (neeoy
618 4663 654 4714 de
663 4663 703 4714 La
714 4663 834 4728 biarche,
841 4666 1001 4714 Aaronom
1009 4657 1158 4714 d'litienne
1167 4665 1202 4714 de
1210 4664 1352 4724 bourbon,
1360 4675 1387 4723 p.
1396 4657 1488 4722 tutti.
