3644 5450
829 695 997 762 -66-.

319 833 498 894 vastatas¹.
520 830 591 893 Nec
610 827 724 889 minus
743 827 957 890 metuendam
976 826 1094 902 luisse,
1113 845 1152 890 eo
1171 827 1320 903 docente,
1340 827 1494 894 novimus

319 929 489 1009 copiarum
509 927 645 988 illarum
660 925 806 1000 rabiem,
824 943 908 1006 quas
923 925 1106 1000 Ricardus,
1122 925 1308 1004 Anglorum
1323 945 1395 1002 rer,
1412 927 1495 990 Phi-

317 1028 407 1107 lippo
421 1028 573 1104 Augusto
588 1023 714 1086 bellum
730 1023 899 1101 ingerens
915 1040 932 1086 e
948 1023 1132 1085 Brahantia
1146 1023 1181 1085 in
1198 1023 1382 1087 Pictaviam
1397 1025 1494 1090 Wes-

317 1126 516 1205 ooniamque
534 1122 709 1185 adduxerit
720 1114 745 1182 ².

357 1222 453 1286 Bella
472 1239 568 1284 sacra
586 1239 647 1282 suo
668 1226 815 1298 tempore
837 1227 941 1297 gesta,
968 1219 1091 1299 quibus
1112 1221 1339 1299 praeparandis
1361 1240 1493 1285 omnem

316 1338 451 1401 operam
471 1321 593 1380 fratres
615 1317 854 1379 Praedicator·cs
877 1317 1051 1391 dederunt,
1076 1316 1130 1380 his
1149 1317 1260 1380 vorbis
1283 1329 1458 1383 enumerat
1483 1342 1491 1384 ι

319 1445 332 1476 ι(
350 1419 464 1482 Prima
486 1434 566 1478 crux
584 1415 689 1476 nostri
713 1414 871 1493 temporis
887 1422 1003 1476 contra
1020 1423 1144 1478 terram
1158 1415 1394 1494 albigensium
1408 1437 1492 1498 prae-

316 1517 426 1578 dicata
441 1522 507 1588 est,
525 1511 672 1576 secunda
687 1511 722 1574 in
738 1513 875 1574 Terram
891 1513 1047 1574 Sanctam
1063 1518 1179 1574 contra
1194 1514 1407 1590 Sarracenos,
1424 1523 1492 1579 ter-

317 1616 363 1677 tia
378 1616 500 1676 iterum
517 1618 632 1674 contra
646 1609 858 1688 Albigenses,
878 1617 997 1689 quarta
1012 1618 1128 1672 contra
1143 1610 1336 1692 Stadingos,
1357 1631 1440 1694 quos
1455 1614 1491 1676 in

315 1711 479 1775 Teutonia
494 1709 662 1773 Honricus
680 1709 746 1770 dux
761 1707 952 1770 brabantiae
969 1727 1045 1770 eum
1060 1710 1131 1771 suis
1147 1710 1276 1784 stravit,
1294 1710 1412 1792 quinta
1428 1712 1492 1775 ite-

315 1828 390 1870 rum
414 1810 449 1868 in
471 1809 608 1870 Terram
631 1808 798 1879 Sanctam,
826 1815 920 1868 sexta
942 1813 1058 1868 contra
1081 1808 1268 1890 Aquensos‚
1293 1809 1351 1887 qui
1374 1827 1409 1871 se
1432 1828 1492 1887 pro

316 1906 505 1969 scismatico
521 1904 708 1978 Trederico,
726 1903 894 1983 quondam
912 1905 1127 1983 imperatore,
1143 1911 1258 1967 contra
1273 1905 1491 1968 Guillelmum

314 2021 429 2081 regem
451 2004 680 2065 Romanorum
702 1999 844 2063 electum
867 1999 1066 2063 stultissime
1086 2010 1323 2080 opposuerunt,
1350 2003 1492 2082 septima

315 2109 431 2162 eontra
444 2099 642 2162 llezelinum
654 2098 801 2160 nobilem
811 2098 917 2160 ltaliae
930 2106 962 2161 ot
977 2099 1049 2179 ejus
1065 2099 1254 2178 complices,
1267 2100 1325 2180 qui
1340 2101 1491 2164 condem-

316 2205 430 2271 natus,
448 2206 479 2258 et
495 2196 649 2275 publicus
664 2195 859 2268 hacreticus,
877 2195 976 2256 iidem
996 2196 1193 2258 catholicam
1214 2197 1361 2274 graviter
1380 2198 1491 2261 insec-

317 2303 404 2357 tatus
421 2302 471 2357 cst
483 2297 506 2355 ⁸.
526 2319 539 2349 a
558 2296 598 2356 Et
613 2311 694 2356 sane
710 2293 889 2354 dolendum
905 2301 955 2355 cst
970 2294 1010 2356 de
1025 2292 1095 2356 illis
1114 2294 1212 2357 bellis
1229 2295 1316 2374 apud
1330 2296 1491 2360 Thomam

315 2393 606 2472 Cantipratensem
634 2393 704 2454 fere
731 2390 819 2453 nihil
846 2390 1005 2453 inveniri.
1033 2392 1174 2455 Crucem
1200 2409 1236 2455 se
1262 2393 1298 2453 in
1325 2395 1419 2469 caelo,
1451 2411 1489 2458 eo

313 2500 460 2571 tempore
481 2510 547 2572 quo
565 2490 754 2553 ludovicus
771 2491 889 2553 Nonus
908 2489 945 2551 in
963 2490 1135 2554 Orientem
1156 2492 1369 2572 proiecturus
1389 2500 1488 2569 esset,

312 2591 439 2654 vidisse
455 2599 607 2664 testatur,
626 2590 712 2653 sacri
727 2589 809 2651 belli
823 2607 1007 2668 praesagam
1018 2595 1041 2651 ⁴.

353 2691 526 2753 infinitam
550 2705 682 2769 quoque
705 2706 885 2766 puerorum
908 2688 1160 2752 multitudinem
1182 2708 1269 2752 anno
1294 2691 1488 2765 MCCXIII,

313 2797 484 2868 assumpta
497 2795 606 2862 cruce,
620 2787 686 2847 iter
700 2786 1046 2866 Hierosolymitanum
1062 2806 1254 2866 aggressam
1266 2807 1340 2852 esse
1352 2789 1453 2852 tradit
1465 2792 1488 2864 ⁸,

312 2890 352 2951 dc
368 2906 433 2968 quo
450 2887 584 2967 quidem
601 2895 633 2947 et
648 2885 707 2946 alii
721 2884 819 2963 plura
834 2885 1041 2962 retulerunt3
1059 2904 1120 2948 nec
1135 2887 1256 2950 inutile
1274 2888 1489 2951 conscriben-

312 2987 363 3048 dis
383 2987 484 3048 rcbus
506 2985 542 3046 in
564 2982 674 3046 Gcrllia
696 2983 799 3061 gestis
819 2983 853 3044 id
876 3002 950 3047 esse
973 3003 1160 3060 censemus,
1182 2986 1270 3066 quod
1292 2986 1331 3050 de
1353 2987 1489 3050 miseris

311 3083 502 3163 pastoribus
518 3080 679 3154 narravit,
693 3079 752 3161 qui
768 3099 803 3142 so
819 3081 1024 3143 Luclovicrrm
1034 3101 1158 3161 regem,
1175 3083 1216 3144 ab
1231 3083 1400 3164 AEgyptiis
1415 3103 1488 3164 cap-

311 3191 393 3256 tum,
423 3182 625 3244 liberaturos
649 3179 836 3260 jactabant,
867 3181 1051 3261 optimique
1076 3182 1238 3261 propositi
1268 3201 1343 3244 mox
1369 3182 1488 3246 imme-

311 3297 436 3353 mores,
454 3279 595 3341 vastatis
612 3277 716 3339 variis
732 3278 827 3355 regni
842 3279 994 3356 partibus
1009 3280 1045 3338 in
1061 3279 1187 3342 clerum
1203 3280 1488 3360 ecclesiarumque

311 3378 398 3438 bona
411 3395 541 3438 summa
554 3376 687 3436 feritate
702 3377 882 3437 saevierunt
892 3380 914 3435 ⁶.
929 3377 1023 3450 erod
1036 3395 1114 3438 vero
1127 3385 1264 3439 sanctus
1281 3379 1485 3453 Ludovicus,

311 3475 346 3534 in
359 3476 496 3536 Terram
507 3474 664 3536 Sanctam
679 3474 859 3551 profectus,
878 3491 913 3534 sc
928 3475 1084 3536 'Tartarus
1100 3474 1141 3535 ad
1155 3475 1253 3537 fidem
1269 3474 1489 3538 christianam

312 3589 552 3634 conversurum
568 3589 641 3633 esse
660 3571 861 3649 speraverit,
880 3569 1068 3651 eximiaque
1089 3571 1130 3633 ad
1148 3591 1262 3635 corum
1284 3591 1395 3652 regem
1414 3592 1489 3635 mu-

312 3688 403 3743 nera,
424 3689 463 3732 ea
478 3669 708 3731 deferentibus
724 3669 853 3731 duobus
869 3670 1149 3733 praedicatoribus
1165 3671 1361 3751 duobusque
1376 3672 1487 3734 Mino-

311 3768 397 3841 ritis,
410 3767 637 3829 transmiserit
648 3771 671 3840 ¹,
686 3766 721 3827 id
733 3784 799 3828 non
813 3766 909 3828 modo
925 3785 944 3828 a
958 3768 1061 3830 fratre
1076 3768 1214 3844 Thema,
1229 3769 1288 3832 sed
1301 3787 1320 3831 a
1334 3769 1488 3848 pluribus

310 3864 399 3939 aliis,
415 3873 452 3926 ut
469 3882 585 3926 omnes
604 3870 779 3937 noverunt,
797 3872 970 3926 narratum
985 3873 1046 3927 est.

349 3965 398 4026 De
418 3963 567 4025 Tartaris
586 3962 622 4023 in
638 3962 863 4041 Hungariam,
881 3962 1056 4039 Kioviam,
1073 3962 1248 4026 Polouiam
1265 3964 1485 4042 irruentibus,

309 4062 514 4142 Europaeque
537 4061 736 4126 occidentali
758 4062 936 4140 excidium,
960 4070 997 4126 ut
1019 4062 1060 4126 ab
1083 4062 1254 4145 aliquibus
1276 4063 1485 4141 credebatur,

341 4383 361 4432 t.
379 4383 415 4446 11,
430 4392 499 4446 nvn,
514 4378 538 4436 i.

337 4463 362 4514 i.
378 4464 414 4525 11,
430 4477 465 4525 ι,ι,
481 4463 505 4515 l.

339 4543 362 4596 3.
378 4543 414 4603 ll,
427 4556 471 4608 111,
485 4545 510 4594 9.

338 4622 361 4674 t.
377 4623 412 4686 11,
427 4634 469 4686 ιιι,
484 4624 508 4676 9.

338 4705 361 4753 5.
378 4703 418 4762 11,
433 4714 476 4764 ιιι,
490 4703 528 4754 rt.

338 4784 360 4834 6.
380 4784 414 4842 ΙΙ,
431 4795 474 4843 ιιι,
492 4784 528 4834 15.

337 4863 362 4911 7.
379 4863 487 4922 11,ι,ιι,
505 4860 541 4911 tt.
