<?xml version="1.0" encoding="UTF-8"?>
<!DOCTYPE html PUBLIC "-//W3C//DTD XHTML 1.0 Transitional//EN"
    "http://www.w3.org/TR/xhtml1/DTD/xhtml1-transitional.dtd">
<html xmlns="http://www.w3.org/1999/xhtml" xml:lang="en" lang="en">
 <head>
  <title>
</title>
<meta http-equiv="Content-Type" content="text/html;charset=utf-8" />
  <meta name='ocr-system' content='tesseract 3.04.00' />
  <meta name='ocr-capabilities' content='ocr_page ocr_carea ocr_par ocr_line ocrx_word'/>
</head>
<body>
  <div class='ocr_page' id='page_1' title='image "./thomaecantiprat00berggoog_0050.png"; bbox 0 0 3644 5450; ppageno 0'>
   <div class='ocr_carea' id='block_1_1' title="bbox 810 573 971 642">
    <p class='ocr_par' dir='ltr' id='par_1_1' title="bbox 810 573 971 642">
     <span class='ocr_line' id='line_1_1' title="bbox 810 573 971 642; baseline 0 -16"><span class='ocrx_word' id='word_1_1' title='bbox 810 573 971 642; x_wconf 71' lang='lat'>..35-</span> 
     </span>
    </p>
   </div>
   <div class='ocr_carea' id='block_1_2' title="bbox 297 709 1534 4128">
    <p class='ocr_par' dir='ltr' id='par_1_2' title="bbox 297 709 1483 1562">
     <span class='ocr_line' id='line_1_2' title="bbox 297 709 1482 793; baseline -0.002 -17"><span class='ocrx_word' id='word_1_2' title='bbox 297 709 509 787; x_wconf 86' lang='lat' dir='ltr'><strong>servitutem,</strong></span> <span class='ocrx_word' id='word_1_3' title='bbox 527 710 562 774; x_wconf 90' lang='lat' dir='ltr'><strong>id</strong></span> <span class='ocrx_word' id='word_1_4' title='bbox 574 712 713 793; x_wconf 89' lang='lat' dir='ltr'><strong>pauperi</strong></span> <span class='ocrx_word' id='word_1_5' title='bbox 729 712 943 776; x_wconf 82' lang='lat' dir='ltr'><strong>Praedicatori</strong></span> <span class='ocrx_word' id='word_1_6' title='bbox 959 712 1047 774; x_wconf 88' lang='lat' dir='ltr'><strong>inter</strong></span> <span class='ocrx_word' id='word_1_7' title='bbox 1062 711 1175 774; x_wconf 90' lang='lat' dir='ltr'><strong>emnia</strong></span> <span class='ocrx_word' id='word_1_8' title='bbox 1189 711 1323 775; x_wconf 89' lang='lat' dir='ltr'><strong>videtur</strong></span> <span class='ocrx_word' id='word_1_9' title='bbox 1338 712 1482 776; x_wconf 91' lang='lat' dir='ltr'><strong>laudan·</strong></span> 
     </span>
     <span class='ocr_line' id='line_1_3' title="bbox 298 799 1482 891; baseline 0 -19"><span class='ocrx_word' id='word_1_10' title='bbox 298 811 388 873; x_wconf 91' lang='lat' dir='ltr'><strong>dum.</strong></span> <span class='ocrx_word' id='word_1_11' title='bbox 409 813 449 874; x_wconf 79' lang='lat' dir='ltr'><strong>nt</strong></span> <span class='ocrx_word' id='word_1_12' title='bbox 465 810 579 890; x_wconf 84' lang='lat' dir='ltr'><strong>gravis</strong></span> <span class='ocrx_word' id='word_1_13' title='bbox 596 809 732 891; x_wconf 85' lang='lat' dir='ltr'><strong>quidem</strong></span> <span class='ocrx_word' id='word_1_14' title='bbox 749 810 1007 891; x_wconf 84' lang='lat' dir='ltr'><strong>osperaevirtuti</strong></span> <span class='ocrx_word' id='word_1_15' title='bbox 1023 811 1282 885; x_wconf 68' lang='lat' dir='ltr'><strong>emunctorium,</strong></span> <span class='ocrx_word' id='word_1_16' title='bbox 1300 829 1375 873; x_wconf 91' lang='lat' dir='ltr'><strong>cum</strong></span> <span class='ocrx_word' id='word_1_17' title='bbox 1393 799 1482 875; x_wconf 87' lang='lat' dir='ltr'><strong>inter</strong></span> 
     </span>
     <span class='ocr_line' id='line_1_4' title="bbox 300 908 1481 990; baseline -0.001 -19"><span class='ocrx_word' id='word_1_18' title='bbox 300 908 367 972; x_wconf 91' lang='lat' dir='ltr'><strong>alia</strong></span> <span class='ocrx_word' id='word_1_19' title='bbox 379 909 572 974; x_wconf 73' lang='lat' dir='ltr'><strong>christianae</strong></span> <span class='ocrx_word' id='word_1_20' title='bbox 586 910 757 990; x_wconf 75' lang='lat' dir='ltr'><strong>patientie</strong></span> <span class='ocrx_word' id='word_1_21' title='bbox 770 911 969 973; x_wconf 88' lang='lat' dir='ltr'><strong>documenta</strong></span> <span class='ocrx_word' id='word_1_22' title='bbox 981 909 1073 989; x_wconf 89' lang='lat' dir='ltr'><strong>pium</strong></span> <span class='ocrx_word' id='word_1_23' title='bbox 1086 909 1240 983; x_wconf 91' lang='lat' dir='ltr'><strong>militem,</strong></span> <span class='ocrx_word' id='word_1_24' title='bbox 1253 929 1273 970; x_wconf 88' lang='lat' dir='ltr'><strong>a</strong></span> <span class='ocrx_word' id='word_1_25' title='bbox 1286 909 1481 973; x_wconf 85' lang='lat' dir='ltr'><strong>Sarracenis</strong></span> 
     </span>
     <span class='ocr_line' id='line_1_5' title="bbox 301 1007 1482 1088; baseline 0 -18"><span class='ocrx_word' id='word_1_26' title='bbox 301 1016 444 1088; x_wconf 89' lang='lat' dir='ltr'><strong>captum,</strong></span> <span class='ocrx_word' id='word_1_27' title='bbox 462 1008 624 1088; x_wconf 77' lang='lat' dir='ltr'><strong>depingit,</strong></span> <span class='ocrx_word' id='word_1_28' title='bbox 641 1008 812 1072; x_wconf 80' lang='lat' dir='ltr'><strong>conservis</strong></span> <span class='ocrx_word' id='word_1_29' title='bbox 828 1009 900 1071; x_wconf 88' lang='lat' dir='ltr'><strong>suis</strong></span> <span class='ocrx_word' id='word_1_30' title='bbox 913 1008 948 1069; x_wconf 93' lang='lat' dir='ltr'><strong>id</strong></span> <span class='ocrx_word' id='word_1_31' title='bbox 962 1007 1228 1086; x_wconf 85' lang='lat' dir='ltr'><strong>exprobrantem,</strong></span> <span class='ocrx_word' id='word_1_32' title='bbox 1244 1007 1332 1087; x_wconf 88' lang='lat' dir='ltr'><strong>qued</strong></span> <span class='ocrx_word' id='word_1_33' title='bbox 1343 1025 1482 1086; x_wconf 89' lang='lat' dir='ltr'><strong>recupe-</strong></span> 
     </span>
     <span class='ocr_line' id='line_1_6' title="bbox 299 1105 1482 1187; baseline 0 -20"><span class='ocrx_word' id='word_1_34' title='bbox 299 1106 412 1170; x_wconf 86' lang='lat' dir='ltr'><strong>randae</strong></span> <span class='ocrx_word' id='word_1_35' title='bbox 427 1106 594 1170; x_wconf 70' lang='lat' dir='ltr'>libertatis</span> <span class='ocrx_word' id='word_1_36' title='bbox 611 1107 769 1187; x_wconf 90' lang='lat' dir='ltr'><strong>cupidine</strong></span> <span class='ocrx_word' id='word_1_37' title='bbox 790 1114 1050 1186; x_wconf 80' lang='lat' dir='ltr'><strong>occuparentur3</strong></span> <span class='ocrx_word' id='word_1_38' title='bbox 1069 1106 1142 1186; x_wconf 88' lang='lat' dir='ltr'><strong>qui,</strong></span> <span class='ocrx_word' id='word_1_39' title='bbox 1161 1106 1240 1168; x_wconf 90' lang='lat' dir='ltr'><strong>dnm</strong></span> <span class='ocrx_word' id='word_1_40' title='bbox 1256 1105 1338 1168; x_wconf 87' lang='lat' dir='ltr'><strong>secli</strong></span> <span class='ocrx_word' id='word_1_41' title='bbox 1358 1112 1482 1168; x_wconf 90' lang='lat' dir='ltr'><strong>terres·</strong></span> 
     </span>
     <span class='ocr_line' id='line_1_7' title="bbox 300 1203 1482 1285; baseline -0.003 -18"><span class='ocrx_word' id='word_1_42' title='bbox 300 1211 386 1268; x_wconf 89' lang='lat' dir='ltr'><strong>trem</strong></span> <span class='ocrx_word' id='word_1_43' title='bbox 407 1204 639 1269; x_wconf 77' lang='lat' dir='ltr'><strong>desiderarent</strong></span> <span class='ocrx_word' id='word_1_44' title='bbox 660 1205 820 1285; x_wconf 90' lang='lat' dir='ltr'><strong>patriam,</strong></span> <span class='ocrx_word' id='word_1_45' title='bbox 837 1205 879 1266; x_wconf 90' lang='lat' dir='ltr'><strong>ad</strong></span> <span class='ocrx_word' id='word_1_46' title='bbox 899 1204 1081 1275; x_wconf 74' lang='lat' dir='ltr'><strong>caelestem,</strong></span> <span class='ocrx_word' id='word_1_47' title='bbox 1103 1204 1199 1278; x_wconf 82' lang='lat' dir='ltr'><strong>felix,</strong></span> <span class='ocrx_word' id='word_1_48' title='bbox 1224 1211 1290 1267; x_wconf 93' lang='lat' dir='ltr'><strong>teto</strong></span> <span class='ocrx_word' id='word_1_49' title='bbox 1311 1203 1482 1267; x_wconf 86' lang='lat' dir='ltr'><strong>serebatur</strong></span> 
     </span>
     <span class='ocr_line' id='line_1_8' title="bbox 301 1301 1483 1383; baseline -0.003 -18"><span class='ocrx_word' id='word_1_50' title='bbox 301 1301 429 1377; x_wconf 89' lang='lat' dir='ltr'><strong>animo,</strong></span> <span class='ocrx_word' id='word_1_51' title='bbox 450 1310 482 1366; x_wconf 91' lang='lat' dir='ltr'><strong>et</strong></span> <span class='ocrx_word' id='word_1_52' title='bbox 499 1327 513 1360; x_wconf 77' lang='lat' dir='ltr'><strong>e</strong></span> <span class='ocrx_word' id='word_1_53' title='bbox 532 1309 662 1366; x_wconf 89' lang='lat' dir='ltr'><strong>tantum</strong></span> <span class='ocrx_word' id='word_1_54' title='bbox 678 1310 753 1382; x_wconf 84' lang='lat' dir='ltr'><strong>post</strong></span> <span class='ocrx_word' id='word_1_55' title='bbox 768 1303 982 1383; x_wconf 87' lang='lat' dir='ltr'><strong>quotidianos</strong></span> <span class='ocrx_word' id='word_1_56' title='bbox 998 1301 1129 1364; x_wconf 88' lang='lat' dir='ltr'><strong>labores</strong></span> <span class='ocrx_word' id='word_1_57' title='bbox 1147 1301 1187 1364; x_wconf 90' lang='lat' dir='ltr'><strong>de</strong></span> <span class='ocrx_word' id='word_1_58' title='bbox 1205 1307 1301 1364; x_wconf 88' lang='lat' dir='ltr'><strong>necte</strong></span> <span class='ocrx_word' id='word_1_59' title='bbox 1319 1301 1483 1363; x_wconf 88' lang='lat' dir='ltr'><strong>orationi·</strong></span> 
     </span>
     <span class='ocr_line' id='line_1_9' title="bbox 300 1396 1482 1481; baseline -0.001 -18"><span class='ocrx_word' id='word_1_60' title='bbox 300 1401 364 1464; x_wconf 90' lang='lat' dir='ltr'><strong>bus</strong></span> <span class='ocrx_word' id='word_1_61' title='bbox 378 1400 606 1476; x_wconf 78' lang='lat' dir='ltr'><strong>incumbebat,</strong></span> <span class='ocrx_word' id='word_1_62' title='bbox 624 1400 713 1481; x_wconf 89' lang='lat' dir='ltr'><strong>quod</strong></span> <span class='ocrx_word' id='word_1_63' title='bbox 728 1399 759 1462; x_wconf 93' lang='lat' dir='ltr'><strong>ei</strong></span> <span class='ocrx_word' id='word_1_64' title='bbox 776 1399 817 1462; x_wconf 90' lang='lat' dir='ltr'><strong>ad</strong></span> <span class='ocrx_word' id='word_1_65' title='bbox 834 1399 969 1462; x_wconf 92' lang='lat' dir='ltr'><strong>medum</strong></span> <span class='ocrx_word' id='word_1_66' title='bbox 984 1397 1188 1461; x_wconf 89' lang='lat' dir='ltr'><strong>camelorum</strong></span> <span class='ocrx_word' id='word_1_67' title='bbox 1201 1398 1279 1461; x_wconf 90' lang='lat' dir='ltr'><strong>calli</strong></span> <span class='ocrx_word' id='word_1_68' title='bbox 1295 1396 1359 1480; x_wconf 82' lang='lat' dir='ltr'><strong>(stc)</strong></span> <span class='ocrx_word' id='word_1_69' title='bbox 1373 1398 1409 1460; x_wconf 92' lang='lat' dir='ltr'><strong>in</strong></span> <span class='ocrx_word' id='word_1_70' title='bbox 1425 1417 1482 1478; x_wconf 84' lang='lat' dir='ltr'><strong>ge·</strong></span> 
     </span>
     <span class='ocr_line' id='line_1_10' title="bbox 301 1498 713 1562; baseline -0.015 -2"><span class='ocrx_word' id='word_1_71' title='bbox 301 1498 403 1562; x_wconf 91' lang='lat' dir='ltr'><strong>nibus</strong></span> <span class='ocrx_word' id='word_1_72' title='bbox 418 1498 645 1561; x_wconf 78' lang='lat' dir='ltr'><strong>accrevissent</strong></span> <span class='ocrx_word' id='word_1_73' title='bbox 657 1500 679 1558; x_wconf 89' lang='lat'><strong>¹.</strong></span> <span class='ocrx_word' id='word_1_74' title='bbox 699 1521 713 1554; x_wconf 80' lang='lat'>»</span> 
     </span>
    </p>

    <p class='ocr_par' dir='ltr' id='par_1_3' title="bbox 301 1595 1488 3246">
     <span class='ocr_line' id='line_1_11' title="bbox 342 1595 1482 1676; baseline -0.002 -16"><span class='ocrx_word' id='word_1_75' title='bbox 342 1596 430 1673; x_wconf 86' lang='lat' dir='ltr'><strong>Quid</strong></span> <span class='ocrx_word' id='word_1_76' title='bbox 454 1614 532 1676; x_wconf 84' lang='lat' dir='ltr'><strong>ergo</strong></span> <span class='ocrx_word' id='word_1_77' title='bbox 554 1595 683 1661; x_wconf 85' lang='lat' dir='ltr'><strong>Christi</strong></span> <span class='ocrx_word' id='word_1_78' title='bbox 705 1595 883 1676; x_wconf 89' lang='lat' dir='ltr'><strong>discipulis</strong></span> <span class='ocrx_word' id='word_1_79' title='bbox 907 1595 1088 1674; x_wconf 90' lang='lat' dir='ltr'><strong>optandum</strong></span> <span class='ocrx_word' id='word_1_80' title='bbox 1111 1603 1177 1669; x_wconf 85' lang='lat' dir='ltr'><strong>est,</strong></span> <span class='ocrx_word' id='word_1_81' title='bbox 1203 1595 1271 1658; x_wconf 88' lang='lat' dir='ltr'><strong>nisi</strong></span> <span class='ocrx_word' id='word_1_82' title='bbox 1293 1603 1330 1658; x_wconf 94' lang='lat' dir='ltr'><strong>ut</strong></span> <span class='ocrx_word' id='word_1_83' title='bbox 1353 1595 1482 1659; x_wconf 88' lang='lat' dir='ltr'><strong>relictis</strong></span> 
     </span>
     <span class='ocr_line' id='line_1_12' title="bbox 301 1682 1488 1778; baseline -0.003 -20"><span class='ocrx_word' id='word_1_84' title='bbox 301 1695 404 1778; x_wconf 87' lang='lat' dir='ltr'><strong>hujus</strong></span> <span class='ocrx_word' id='word_1_85' title='bbox 423 1695 500 1759; x_wconf 87' lang='lat' dir='ltr'><strong>vitae</strong></span> <span class='ocrx_word' id='word_1_86' title='bbox 521 1693 691 1758; x_wconf 89' lang='lat' dir='ltr'><strong>illecebris</strong></span> <span class='ocrx_word' id='word_1_87' title='bbox 710 1694 746 1756; x_wconf 95' lang='lat' dir='ltr'><strong>in</strong></span> <span class='ocrx_word' id='word_1_88' title='bbox 768 1695 1028 1766; x_wconf 87' lang='lat' dir='ltr'><strong>monasterium,</strong></span> <span class='ocrx_word' id='word_1_89' title='bbox 1046 1693 1109 1755; x_wconf 89' lang='lat' dir='ltr'><strong>Dei</strong></span> <span class='ocrx_word' id='word_1_90' title='bbox 1126 1692 1278 1769; x_wconf 86' lang='lat' dir='ltr'><strong>domum,</strong></span> <span class='ocrx_word' id='word_1_91' title='bbox 1299 1713 1372 1758; x_wconf 90' lang='lat' dir='ltr'><strong>sese</strong></span> <span class='ocrx_word' id='word_1_92' title='bbox 1395 1682 1488 1756; x_wconf 59' lang='lat' dir='ltr'><strong>reci-¹</strong></span> 
     </span>
     <span class='ocr_line' id='line_1_13' title="bbox 301 1790 1482 1874; baseline -0.003 -18"><span class='ocrx_word' id='word_1_93' title='bbox 301 1792 419 1874; x_wconf 86' lang='lat' dir='ltr'><strong>piant?</strong></span> <span class='ocrx_word' id='word_1_94' title='bbox 439 1795 511 1855; x_wconf 91' lang='lat' dir='ltr'><strong>Hoc</strong></span> <span class='ocrx_word' id='word_1_95' title='bbox 532 1791 621 1855; x_wconf 89' lang='lat' dir='ltr'><strong>inter</strong></span> <span class='ocrx_word' id='word_1_96' title='bbox 640 1799 768 1855; x_wconf 88' lang='lat' dir='ltr'><strong>ceteros</strong></span> <span class='ocrx_word' id='word_1_97' title='bbox 790 1799 925 1871; x_wconf 87' lang='lat' dir='ltr'><strong>experta</strong></span> <span class='ocrx_word' id='word_1_98' title='bbox 946 1790 1114 1864; x_wconf 89' lang='lat' dir='ltr'><strong>Yolenda‚</strong></span> <span class='ocrx_word' id='word_1_99' title='bbox 1134 1790 1205 1854; x_wconf 87' lang='lat' dir='ltr'><strong>fllia</strong></span> <span class='ocrx_word' id='word_1_100' title='bbox 1226 1791 1359 1854; x_wconf 90' lang='lat' dir='ltr'><strong>comitis</strong></span> <span class='ocrx_word' id='word_1_101' title='bbox 1377 1791 1482 1856; x_wconf 89' lang='lat' dir='ltr'><strong>Vien-</strong></span> 
     </span>
     <span class='ocr_line' id='line_1_14' title="bbox 303 1882 1482 1970; baseline 0 -18"><span class='ocrx_word' id='word_1_102' title='bbox 303 1891 419 1954; x_wconf 88' lang='lat' dir='ltr'><strong>nensis</strong></span> <span class='ocrx_word' id='word_1_103' title='bbox 432 1882 456 1963; x_wconf 79' lang='lat'><strong>²‚</strong></span> <span class='ocrx_word' id='word_1_104' title='bbox 474 1907 548 1970; x_wconf 81' lang='lat' dir='ltr'><strong>quaa</strong></span> <span class='ocrx_word' id='word_1_105' title='bbox 564 1888 682 1952; x_wconf 90' lang='lat' dir='ltr'><strong>relicta</strong></span> <span class='ocrx_word' id='word_1_106' title='bbox 699 1893 806 1950; x_wconf 90' lang='lat' dir='ltr'><strong>matre</strong></span> <span class='ocrx_word' id='word_1_107' title='bbox 821 1897 1022 1950; x_wconf 87' lang='lat' dir='ltr'><strong>conventum</strong></span> <span class='ocrx_word' id='word_1_108' title='bbox 1041 1887 1107 1948; x_wconf 87' lang='lat' dir='ltr'><strong>sibi</strong></span> <span class='ocrx_word' id='word_1_109' title='bbox 1125 1906 1184 1965; x_wconf 93' lang='lat' dir='ltr'><strong>pre</strong></span> <span class='ocrx_word' id='word_1_110' title='bbox 1200 1889 1398 1967; x_wconf 86' lang='lat' dir='ltr'><strong>parentibus</strong></span> <span class='ocrx_word' id='word_1_111' title='bbox 1414 1889 1482 1952; x_wconf 90' lang='lat' dir='ltr'><strong>ele-</strong></span> 
     </span>
     <span class='ocr_line' id='line_1_15' title="bbox 304 1983 1482 2067; baseline 0 -19"><span class='ocrx_word' id='word_1_112' title='bbox 304 1987 353 2066; x_wconf 85' lang='lat' dir='ltr'><strong>git</strong></span> <span class='ocrx_word' id='word_1_113' title='bbox 364 1991 393 2062; x_wconf 80' lang='lat'><strong>³;</strong></span> <span class='ocrx_word' id='word_1_114' title='bbox 412 1986 475 2050; x_wconf 90' lang='lat' dir='ltr'><strong>hee</strong></span> <span class='ocrx_word' id='word_1_115' title='bbox 487 1987 623 2067; x_wconf 86' lang='lat' dir='ltr'><strong>juvenis</strong></span> <span class='ocrx_word' id='word_1_116' title='bbox 639 1985 708 2059; x_wconf 90' lang='lat' dir='ltr'><strong>ille,</strong></span> <span class='ocrx_word' id='word_1_117' title='bbox 726 2003 848 2063; x_wconf 83' lang='lat' dir='ltr'><strong>genere</strong></span> <span class='ocrx_word' id='word_1_118' title='bbox 865 1983 999 2058; x_wconf 70' lang='lat' dir='ltr'><strong>nobilis</strong></span> <span class='ocrx_word' id='word_1_119' title='bbox 1017 2002 1035 2047; x_wconf 90' lang='lat' dir='ltr'><strong>e</strong></span> <span class='ocrx_word' id='word_1_120' title='bbox 1052 1985 1216 2048; x_wconf 84' lang='lat' dir='ltr'><strong>Teutonia</strong></span> <span class='ocrx_word' id='word_1_121' title='bbox 1230 1985 1406 2061; x_wconf 87' lang='lat' dir='ltr'><strong>oriundus,</strong></span> <span class='ocrx_word' id='word_1_122' title='bbox 1423 1989 1482 2067; x_wconf 85' lang='lat' dir='ltr'><strong>qui</strong></span> 
     </span>
     <span class='ocr_line' id='line_1_16' title="bbox 303 2081 1479 2157; baseline -0.004 -8"><span class='ocrx_word' id='word_1_123' title='bbox 303 2085 471 2148; x_wconf 86' lang='lat' dir='ltr'><strong>Lutetiam</strong></span> <span class='ocrx_word' id='word_1_124' title='bbox 483 2085 621 2157; x_wconf 76' lang='lat' dir='ltr'><strong>missus</strong></span> <span class='ocrx_word' id='word_1_125' title='bbox 635 2083 747 2144; x_wconf 89' lang='lat' dir='ltr'><strong>ordini</strong></span> <span class='ocrx_word' id='word_1_126' title='bbox 759 2081 1018 2145; x_wconf 77' lang='lat' dir='ltr'><strong>praedicatorum</strong></span> <span class='ocrx_word' id='word_1_127' title='bbox 1031 2081 1234 2144; x_wconf 88' lang='lat' dir='ltr'><strong>inconsultis</strong></span> <span class='ocrx_word' id='word_1_128' title='bbox 1245 2083 1317 2144; x_wconf 88' lang='lat' dir='ltr'><strong>suis</strong></span> <span class='ocrx_word' id='word_1_129' title='bbox 1328 2083 1479 2157; x_wconf 83' lang='lat' dir='ltr'><strong>adhaesit,</strong></span> 
     </span>
     <span class='ocr_line' id='line_1_17' title="bbox 303 2178 1482 2259; baseline 0 -15"><span class='ocrx_word' id='word_1_130' title='bbox 303 2189 417 2244; x_wconf 90' lang='lat' dir='ltr'><strong>utrum</strong></span> <span class='ocrx_word' id='word_1_131' title='bbox 434 2182 528 2244; x_wconf 89' lang='lat' dir='ltr'><strong>lleret</strong></span> <span class='ocrx_word' id='word_1_132' title='bbox 545 2179 743 2253; x_wconf 87' lang='lat' dir='ltr'><strong>avunculus,</strong></span> <span class='ocrx_word' id='word_1_133' title='bbox 761 2199 803 2240; x_wconf 88' lang='lat' dir='ltr'><strong>an</strong></span> <span class='ocrx_word' id='word_1_134' title='bbox 819 2178 992 2258; x_wconf 85' lang='lat' dir='ltr'><strong>vapularet</strong></span> <span class='ocrx_word' id='word_1_135' title='bbox 1006 2185 1110 2257; x_wconf 91' lang='lat' dir='ltr'><strong>pater,</strong></span> <span class='ocrx_word' id='word_1_136' title='bbox 1131 2186 1188 2240; x_wconf 89' lang='lat' dir='ltr'><strong>aut</strong></span> <span class='ocrx_word' id='word_1_137' title='bbox 1202 2187 1310 2242; x_wconf 86' lang='lat' dir='ltr'><strong>mater</strong></span> <span class='ocrx_word' id='word_1_138' title='bbox 1325 2199 1392 2259; x_wconf 80' lang='lat' dir='ltr'><strong>prm</strong></span> <span class='ocrx_word' id='word_1_139' title='bbox 1407 2181 1482 2244; x_wconf 87' lang='lat' dir='ltr'><strong>tris-</strong></span> 
     </span>
     <span class='ocr_line' id='line_1_18' title="bbox 306 2276 1483 2357; baseline 0 -17"><span class='ocrx_word' id='word_1_140' title='bbox 306 2279 381 2342; x_wconf 90' lang='lat' dir='ltr'><strong>titia</strong></span> <span class='ocrx_word' id='word_1_141' title='bbox 400 2286 602 2352; x_wconf 86' lang='lat' dir='ltr'><strong>mereretur,</strong></span> <span class='ocrx_word' id='word_1_142' title='bbox 624 2294 742 2357; x_wconf 90' lang='lat' dir='ltr'><strong>parum</strong></span> <span class='ocrx_word' id='word_1_143' title='bbox 762 2293 896 2339; x_wconf 88' lang='lat' dir='ltr'><strong>curans.</strong></span> <span class='ocrx_word' id='word_1_144' title='bbox 915 2276 1051 2356; x_wconf 79' lang='lat' dir='ltr'><strong>«Cujus</strong></span> <span class='ocrx_word' id='word_1_145' title='bbox 1073 2284 1168 2354; x_wconf 91' lang='lat' dir='ltr'><strong>pater</strong></span> <span class='ocrx_word' id='word_1_146' title='bbox 1186 2295 1287 2340; x_wconf 86' lang='lat' dir='ltr'><strong>senex</strong></span> <span class='ocrx_word' id='word_1_147' title='bbox 1311 2285 1483 2357; x_wconf 86' lang='lat' dir='ltr'><strong>assumpta</strong></span> 
     </span>
     <span class='ocr_line' id='line_1_19' title="bbox 305 2373 1482 2458; baseline -0.001 -17"><span class='ocrx_word' id='word_1_148' title='bbox 305 2377 439 2458; x_wconf 88' lang='lat' dir='ltr'><strong>copiosa</strong></span> <span class='ocrx_word' id='word_1_149' title='bbox 454 2376 585 2440; x_wconf 83' lang='lat' dir='ltr'><strong>familia</strong></span> <span class='ocrx_word' id='word_1_150' title='bbox 596 2375 688 2439; x_wconf 92' lang='lat' dir='ltr'><strong>venit</strong></span> <span class='ocrx_word' id='word_1_151' title='bbox 702 2374 862 2449; x_wconf 71' lang='lat' dir='ltr'><strong>Parisios</strong></span> <span class='ocrx_word' id='word_1_152' title='bbox 877 2383 909 2437; x_wconf 90' lang='lat' dir='ltr'><strong>et</strong></span> <span class='ocrx_word' id='word_1_153' title='bbox 924 2393 1000 2437; x_wconf 91' lang='lat' dir='ltr'><strong>cum</strong></span> <span class='ocrx_word' id='word_1_154' title='bbox 1013 2373 1120 2435; x_wconf 83' lang='lat' dir='ltr'><strong>lilium</strong></span> <span class='ocrx_word' id='word_1_155' title='bbox 1134 2374 1298 2438; x_wconf 91' lang='lat' dir='ltr'><strong>violenter</strong></span> <span class='ocrx_word' id='word_1_156' title='bbox 1309 2377 1482 2440; x_wconf 78' lang='lat' dir='ltr'><strong>extrahere</strong></span> 
     </span>
     <span class='ocr_line' id='line_1_20' title="bbox 305 2473 1484 2552; baseline -0.002 -11"><span class='ocrx_word' id='word_1_157' title='bbox 305 2485 496 2552; x_wconf 91' lang='lat' dir='ltr'><strong>conaretur,</strong></span> <span class='ocrx_word' id='word_1_158' title='bbox 520 2495 539 2539; x_wconf 89' lang='lat' dir='ltr'><strong>a</strong></span> <span class='ocrx_word' id='word_1_159' title='bbox 560 2475 698 2539; x_wconf 87' lang='lat' dir='ltr'><strong>novitiis</strong></span> <span class='ocrx_word' id='word_1_160' title='bbox 718 2474 879 2537; x_wconf 87' lang='lat' dir='ltr'><strong>iratribus</strong></span> <span class='ocrx_word' id='word_1_161' title='bbox 904 2473 1116 2537; x_wconf 85' lang='lat' dir='ltr'><strong>membratim</strong></span> <span class='ocrx_word' id='word_1_162' title='bbox 1138 2475 1208 2537; x_wconf 87' lang='lat' dir='ltr'><strong>lere</strong></span> <span class='ocrx_word' id='word_1_163' title='bbox 1233 2474 1415 2550; x_wconf 86' lang='lat' dir='ltr'><strong>laceratus,</strong></span> <span class='ocrx_word' id='word_1_164' title='bbox 1442 2475 1484 2539; x_wconf 92' lang='lat' dir='ltr'><strong>ad</strong></span> 
     </span>
     <span class='ocr_line' id='line_1_21' title="bbox 304 2572 1483 2656; baseline -0.001 -18"><span class='ocrx_word' id='word_1_165' title='bbox 304 2575 448 2656; x_wconf 88' lang='lat' dir='ltr'><strong>patriam</strong></span> <span class='ocrx_word' id='word_1_166' title='bbox 467 2575 592 2638; x_wconf 87' lang='lat' dir='ltr'><strong>inlecto</strong></span> <span class='ocrx_word' id='word_1_167' title='bbox 610 2573 743 2653; x_wconf 83' lang='lat' dir='ltr'><strong>negotio</strong></span> <span class='ocrx_word' id='word_1_168' title='bbox 765 2576 1026 2636; x_wconf 81' lang='lat' dir='ltr'><strong>est‚1·eversus⁴.</strong></span> <span class='ocrx_word' id='word_1_169' title='bbox 1047 2597 1059 2628; x_wconf 77' lang='lat' dir='ltr'><strong>r</strong></span> <span class='ocrx_word' id='word_1_170' title='bbox 1083 2572 1313 2637; x_wconf 86' lang='lat' dir='ltr'><strong>Christianam</strong></span> <span class='ocrx_word' id='word_1_171' title='bbox 1334 2575 1483 2654; x_wconf 89' lang='lat' dir='ltr'><strong>prolecto</strong></span> 
     </span>
     <span class='ocr_line' id='line_1_22' title="bbox 305 2671 1482 2756; baseline 0.001 -20"><span class='ocrx_word' id='word_1_172' title='bbox 305 2675 405 2738; x_wconf 86' lang='lat' dir='ltr'><strong>iidem</strong></span> <span class='ocrx_word' id='word_1_173' title='bbox 421 2673 625 2756; x_wconf 88' lang='lat' dir='ltr'><strong>quicumque</strong></span> <span class='ocrx_word' id='word_1_174' title='bbox 644 2691 683 2735; x_wconf 90' lang='lat' dir='ltr'><strong>ea</strong></span> <span class='ocrx_word' id='word_1_175' title='bbox 699 2671 809 2735; x_wconf 87' lang='lat' dir='ltr'><strong>cerdis</strong></span> <span class='ocrx_word' id='word_1_176' title='bbox 825 2672 951 2733; x_wconf 88' lang='lat' dir='ltr'><strong>duritia</strong></span> <span class='ocrx_word' id='word_1_177' title='bbox 965 2671 1113 2745; x_wconf 91' lang='lat' dir='ltr'><strong>coluere,</strong></span> <span class='ocrx_word' id='word_1_178' title='bbox 1132 2690 1199 2734; x_wconf 91' lang='lat' dir='ltr'><strong>nen</strong></span> <span class='ocrx_word' id='word_1_179' title='bbox 1219 2679 1287 2734; x_wconf 92' lang='lat' dir='ltr'><strong>tam</strong></span> <span class='ocrx_word' id='word_1_180' title='bbox 1304 2671 1393 2736; x_wconf 90' lang='lat' dir='ltr'><strong>inter</strong></span> <span class='ocrx_word' id='word_1_181' title='bbox 1408 2672 1482 2752; x_wconf 92' lang='lat' dir='ltr'><strong>pies</strong></span> 
     </span>
     <span class='ocr_line' id='line_1_23' title="bbox 305 2770 1482 2854; baseline -0.003 -19"><span class='ocrx_word' id='word_1_182' title='bbox 305 2791 406 2854; x_wconf 89' lang='lat' dir='ltr'><strong>quam</strong></span> <span class='ocrx_word' id='word_1_183' title='bbox 420 2773 510 2836; x_wconf 91' lang='lat' dir='ltr'><strong>inter</strong></span> <span class='ocrx_word' id='word_1_184' title='bbox 522 2771 687 2834; x_wconf 83' lang='lat' dir='ltr'><strong>fanaticos</strong></span> <span class='ocrx_word' id='word_1_185' title='bbox 702 2771 849 2834; x_wconf 89' lang='lat' dir='ltr'><strong>habendi</strong></span> <span class='ocrx_word' id='word_1_186' title='bbox 863 2778 953 2844; x_wconf 89' lang='lat' dir='ltr'><strong>sunt,</strong></span> <span class='ocrx_word' id='word_1_187' title='bbox 969 2770 1122 2849; x_wconf 83' lang='lat' dir='ltr'><strong>equibus</strong></span> <span class='ocrx_word' id='word_1_188' title='bbox 1137 2789 1224 2832; x_wconf 88' lang='lat' dir='ltr'><strong>unus</strong></span> <span class='ocrx_word' id='word_1_189' title='bbox 1240 2772 1384 2833; x_wconf 85' lang='lat' dir='ltr'><strong>Thomas</strong></span> <span class='ocrx_word' id='word_1_190' title='bbox 1398 2773 1482 2835; x_wconf 87' lang='lat' dir='ltr'><strong>Can-</strong></span> 
     </span>
     <span class='ocr_line' id='line_1_24' title="bbox 306 2868 1484 2951; baseline -0.001 -19"><span class='ocrx_word' id='word_1_191' title='bbox 306 2870 500 2951; x_wconf 88' lang='lat' dir='ltr'><strong>tipratensis</strong></span> <span class='ocrx_word' id='word_1_192' title='bbox 516 2888 759 2950; x_wconf 90' lang='lat' dir='ltr'><strong>nonnunquam</strong></span> <span class='ocrx_word' id='word_1_193' title='bbox 776 2869 852 2943; x_wconf 90' lang='lat' dir='ltr'><strong>fuit,</strong></span> <span class='ocrx_word' id='word_1_194' title='bbox 871 2877 963 2931; x_wconf 85' lang='lat' dir='ltr'><strong>extra</strong></span> <span class='ocrx_word' id='word_1_195' title='bbox 979 2868 1149 2932; x_wconf 86' lang='lat' dir='ltr'><strong>naturales</strong></span> <span class='ocrx_word' id='word_1_196' title='bbox 1166 2871 1304 2930; x_wconf 88' lang='lat' dir='ltr'><strong>allectus</strong></span> <span class='ocrx_word' id='word_1_197' title='bbox 1321 2888 1359 2931; x_wconf 94' lang='lat' dir='ltr'><strong>ee</strong></span> <span class='ocrx_word' id='word_1_198' title='bbox 1377 2887 1484 2949; x_wconf 88' lang='lat' dir='ltr'><strong>usque</strong></span> 
     </span>
     <span class='ocr_line' id='line_1_25' title="bbox 307 2966 1485 3046; baseline -0.004 -14"><span class='ocrx_word' id='word_1_199' title='bbox 307 2977 452 3043; x_wconf 88' lang='lat' dir='ltr'><strong>evectus,</strong></span> <span class='ocrx_word' id='word_1_200' title='bbox 464 2975 501 3031; x_wconf 91' lang='lat' dir='ltr'><strong>ut</strong></span> <span class='ocrx_word' id='word_1_201' title='bbox 512 2968 644 3031; x_wconf 89' lang='lat' dir='ltr'><strong>beatam</strong></span> <span class='ocrx_word' id='word_1_202' title='bbox 657 2967 799 3030; x_wconf 90' lang='lat' dir='ltr'><strong>Mariam</strong></span> <span class='ocrx_word' id='word_1_203' title='bbox 811 2967 1082 3046; x_wconf 82' lang='lat' dir='ltr'><strong>Oigniacensenr,</strong></span> <span class='ocrx_word' id='word_1_204' title='bbox 1093 2985 1131 3028; x_wconf 90' lang='lat' dir='ltr'><strong>eo</strong></span> <span class='ocrx_word' id='word_1_205' title='bbox 1144 2966 1232 3046; x_wconf 85' lang='lat' dir='ltr'><strong>quod</strong></span> <span class='ocrx_word' id='word_1_206' title='bbox 1245 2966 1304 3027; x_wconf 90' lang='lat' dir='ltr'><strong>illa</strong></span> <span class='ocrx_word' id='word_1_207' title='bbox 1316 2967 1485 3046; x_wconf 87' lang='lat' dir='ltr'><strong>propriam</strong></span> 
     </span>
     <span class='ocr_line' id='line_1_26' title="bbox 305 3064 1484 3146; baseline -0.003 -19"><span class='ocrx_word' id='word_1_208' title='bbox 305 3075 447 3130; x_wconf 89' lang='lat' dir='ltr'><strong>matrem</strong></span> <span class='ocrx_word' id='word_1_209' title='bbox 470 3067 605 3131; x_wconf 81' lang='lat' dir='ltr'><strong>aeternis</strong></span> <span class='ocrx_word' id='word_1_210' title='bbox 627 3066 735 3146; x_wconf 73' lang='lat' dir='ltr'><strong>poenis</strong></span> <span class='ocrx_word' id='word_1_211' title='bbox 758 3066 903 3128; x_wconf 89' lang='lat' dir='ltr'><strong>dicatam</strong></span> <span class='ocrx_word' id='word_1_212' title='bbox 928 3083 994 3127; x_wconf 93' lang='lat' dir='ltr'><strong>nen</strong></span> <span class='ocrx_word' id='word_1_213' title='bbox 1017 3064 1156 3139; x_wconf 86' lang='lat' dir='ltr'><strong>luxerit,</strong></span> <span class='ocrx_word' id='word_1_214' title='bbox 1183 3065 1322 3128; x_wconf 90' lang='lat' dir='ltr'><strong>minime</strong></span> <span class='ocrx_word' id='word_1_215' title='bbox 1349 3071 1484 3128; x_wconf 89' lang='lat' dir='ltr'><strong>censeat</strong></span> 
     </span>
     <span class='ocr_line' id='line_1_27' title="bbox 306 3163 595 3246; baseline 0.003 -21"><span class='ocrx_word' id='word_1_216' title='bbox 306 3163 560 3246; x_wconf 90' lang='lat' dir='ltr'><strong>improbandam</strong></span> <span class='ocrx_word' id='word_1_217' title='bbox 574 3166 595 3226; x_wconf 81' lang='lat'><strong>⁵.</strong></span> 
     </span>
    </p>

    <p class='ocr_par' dir='ltr' id='par_1_4' title="bbox 307 3261 1534 4128">
     <span class='ocr_line' id='line_1_28' title="bbox 347 3261 1534 3349; baseline -0.002 -22"><span class='ocrx_word' id='word_1_218' title='bbox 347 3264 504 3328; x_wconf 87' lang='lat' dir='ltr'><strong>Ceterum</strong></span> <span class='ocrx_word' id='word_1_219' title='bbox 531 3271 567 3325; x_wconf 93' lang='lat' dir='ltr'><strong>ut</strong></span> <span class='ocrx_word' id='word_1_220' title='bbox 593 3263 739 3327; x_wconf 82' lang='lat' dir='ltr'><strong>celendae</strong></span> <span class='ocrx_word' id='word_1_221' title='bbox 764 3262 922 3341; x_wconf 85' lang='lat' dir='ltr'><strong>religioni</strong></span> <span class='ocrx_word' id='word_1_222' title='bbox 945 3261 1251 3342; x_wconf 85' lang='lat' dir='ltr'><strong>impugnandisque</strong></span> <span class='ocrx_word' id='word_1_223' title='bbox 1278 3261 1485 3325; x_wconf 73' lang='lat' dir='ltr'><strong>daemonibus</strong></span> <span class='ocrx_word' id='word_1_224' title='bbox 1511 3299 1534 3349; x_wconf 85' lang='lat'><strong>.·</strong></span> 
     </span>
     <span class='ocr_line' id='line_1_29' title="bbox 307 3357 1487 3439; baseline -0.002 -17"><span class='ocrx_word' id='word_1_225' title='bbox 307 3360 440 3424; x_wconf 85' lang='lat' dir='ltr'><strong>deditus</strong></span> <span class='ocrx_word' id='word_1_226' title='bbox 456 3358 612 3434; x_wconf 67' lang='lat' dir='ltr'><strong>Thomas</strong></span> <span class='ocrx_word' id='word_1_227' title='bbox 629 3361 677 3423; x_wconf 91' lang='lat' dir='ltr'><strong>ita</strong></span> <span class='ocrx_word' id='word_1_228' title='bbox 692 3368 724 3422; x_wconf 93' lang='lat' dir='ltr'><strong>ct</strong></span> <span class='ocrx_word' id='word_1_229' title='bbox 739 3361 880 3426; x_wconf 81' lang='lat' dir='ltr'><strong>facetus,</strong></span> <span class='ocrx_word' id='word_1_230' title='bbox 898 3358 1053 3436; x_wconf 81' lang='lat' dir='ltr'><strong>garrulus</strong></span> <span class='ocrx_word' id='word_1_231' title='bbox 1069 3357 1170 3420; x_wconf 90' lang='lat' dir='ltr'><strong>etiam</strong></span> <span class='ocrx_word' id='word_1_232' title='bbox 1189 3366 1220 3420; x_wconf 91' lang='lat' dir='ltr'><strong>et</strong></span> <span class='ocrx_word' id='word_1_233' title='bbox 1236 3359 1272 3419; x_wconf 92' lang='lat' dir='ltr'><strong>in</strong></span> <span class='ocrx_word' id='word_1_234' title='bbox 1288 3358 1393 3420; x_wconf 91' lang='lat' dir='ltr'><strong>risum</strong></span> <span class='ocrx_word' id='word_1_235' title='bbox 1409 3377 1487 3439; x_wconf 93' lang='lat' dir='ltr'><strong>pre·</strong></span> 
     </span>
     <span class='ocr_line' id='line_1_30' title="bbox 307 3456 1487 3540; baseline -0.003 -20"><span class='ocrx_word' id='word_1_236' title='bbox 307 3477 388 3534; x_wconf 89' lang='lat' dir='ltr'><strong>nus;</strong></span> <span class='ocrx_word' id='word_1_237' title='bbox 405 3477 445 3522; x_wconf 90' lang='lat' dir='ltr'><strong>ea</strong></span> <span class='ocrx_word' id='word_1_238' title='bbox 460 3477 605 3540; x_wconf 89' lang='lat' dir='ltr'><strong>namque</strong></span> <span class='ocrx_word' id='word_1_239' title='bbox 621 3459 784 3521; x_wconf 84' lang='lat' dir='ltr'><strong>iratribus</strong></span> <span class='ocrx_word' id='word_1_240' title='bbox 799 3456 1070 3520; x_wconf 87' lang='lat' dir='ltr'><strong>mendicantibus</strong></span> <span class='ocrx_word' id='word_1_241' title='bbox 1093 3456 1162 3518; x_wconf 89' lang='lat' dir='ltr'><strong>vita</strong></span> <span class='ocrx_word' id='word_1_242' title='bbox 1181 3456 1262 3531; x_wconf 87' lang='lat' dir='ltr'><strong>fuit,</strong></span> <span class='ocrx_word' id='word_1_243' title='bbox 1282 3464 1318 3519; x_wconf 89' lang='lat' dir='ltr'><strong>ut</strong></span> <span class='ocrx_word' id='word_1_244' title='bbox 1334 3475 1487 3536; x_wconf 88' lang='lat' dir='ltr'><strong>asperam</strong></span> 
     </span>
     <span class='ocr_line' id='line_1_31' title="bbox 308 3554 1485 3634; baseline -0.003 -15"><span class='ocrx_word' id='word_1_245' title='bbox 308 3565 430 3620; x_wconf 91' lang='lat' dir='ltr'><strong>sortem</strong></span> <span class='ocrx_word' id='word_1_246' title='bbox 446 3557 627 3619; x_wconf 91' lang='lat' dir='ltr'><strong>multorum</strong></span> <span class='ocrx_word' id='word_1_247' title='bbox 643 3556 910 3629; x_wconf 86' lang='lat' dir='ltr'><strong>conversatione,</strong></span> <span class='ocrx_word' id='word_1_248' title='bbox 926 3573 999 3634; x_wconf 76' lang='lat' dir='ltr'><strong>quae</strong></span> <span class='ocrx_word' id='word_1_249' title='bbox 1013 3554 1137 3617; x_wconf 70' lang='lat' dir='ltr'><strong>leutitiae</strong></span> <span class='ocrx_word' id='word_1_250' title='bbox 1148 3574 1222 3617; x_wconf 89' lang='lat' dir='ltr'><strong>rare</strong></span> <span class='ocrx_word' id='word_1_251' title='bbox 1238 3556 1406 3617; x_wconf 91' lang='lat' dir='ltr'><strong>contraria</strong></span> <span class='ocrx_word' id='word_1_252' title='bbox 1423 3563 1485 3628; x_wconf 90' lang='lat' dir='ltr'><strong>est,</strong></span> 
     </span>
     <span class='ocr_line' id='line_1_32' title="bbox 308 3652 1489 3735; baseline -0.003 -17"><span class='ocrx_word' id='word_1_253' title='bbox 308 3654 508 3718; x_wconf 87' lang='lat' dir='ltr'><strong>solarentur.</strong></span> <span class='ocrx_word' id='word_1_254' title='bbox 526 3656 590 3719; x_wconf 82' lang='lat' dir='ltr'><strong>Vin</strong></span> <span class='ocrx_word' id='word_1_255' title='bbox 609 3655 668 3735; x_wconf 77' lang='lat' dir='ltr'><strong>ille</strong></span> <span class='ocrx_word' id='word_1_256' title='bbox 686 3675 706 3718; x_wconf 89' lang='lat' dir='ltr'><strong>a</strong></span> <span class='ocrx_word' id='word_1_257' title='bbox 725 3655 797 3718; x_wconf 90' lang='lat' dir='ltr'><strong>risu</strong></span> <span class='ocrx_word' id='word_1_258' title='bbox 816 3654 979 3726; x_wconf 87' lang='lat' dir='ltr'><strong>abstinet,</strong></span> <span class='ocrx_word' id='word_1_259' title='bbox 1002 3671 1076 3715; x_wconf 92' lang='lat' dir='ltr'><strong>cum</strong></span> <span class='ocrx_word' id='word_1_260' title='bbox 1096 3652 1279 3732; x_wconf 90' lang='lat' dir='ltr'><strong>puellulam</strong></span> <span class='ocrx_word' id='word_1_261' title='bbox 1300 3671 1389 3726; x_wconf 87' lang='lat' dir='ltr'><strong>eam,</strong></span> <span class='ocrx_word' id='word_1_262' title='bbox 1415 3671 1489 3734; x_wconf 73' lang='lat' dir='ltr'><strong>quae</strong></span> 
     </span>
     <span class='ocr_line' id='line_1_33' title="bbox 308 3751 1489 3834; baseline -0.003 -18"><span class='ocrx_word' id='word_1_263' title='bbox 308 3753 515 3834; x_wconf 90' lang='lat' dir='ltr'><strong>impudicum</strong></span> <span class='ocrx_word' id='word_1_264' title='bbox 539 3754 776 3834; x_wconf 80' lang='lat' dir='ltr'><strong>presbyterum</strong></span> <span class='ocrx_word' id='word_1_265' title='bbox 801 3752 1053 3824; x_wconf 87' lang='lat' dir='ltr'><strong>verberaverat,</strong></span> <span class='ocrx_word' id='word_1_266' title='bbox 1082 3751 1289 3829; x_wconf 74' lang='lat' dir='ltr'><strong>gravissimae</strong></span> <span class='ocrx_word' id='word_1_267' title='bbox 1313 3760 1489 3830; x_wconf 88' lang='lat' dir='ltr'><strong>prepterea</strong></span> 
     </span>
     <span class='ocr_line' id='line_1_34' title="bbox 310 3847 1489 3932; baseline -0.004 -16"><span class='ocrx_word' id='word_1_268' title='bbox 310 3852 414 3932; x_wconf 73' lang='lat' dir='ltr'><strong>culpae</strong></span> <span class='ocrx_word' id='word_1_269' title='bbox 431 3851 498 3914; x_wconf 91' lang='lat' dir='ltr'><strong>sibi</strong></span> <span class='ocrx_word' id='word_1_270' title='bbox 515 3851 684 3914; x_wconf 90' lang='lat' dir='ltr'><strong>consciam</strong></span> <span class='ocrx_word' id='word_1_271' title='bbox 700 3850 801 3912; x_wconf 93' lang='lat' dir='ltr'><strong>videt.</strong></span> <span class='ocrx_word' id='word_1_272' title='bbox 823 3851 929 3924; x_wconf 85' lang='lat' dir='ltr'><strong>Quam</strong></span> <span class='ocrx_word' id='word_1_273' title='bbox 950 3866 1026 3909; x_wconf 90' lang='lat' dir='ltr'><strong>cum</strong></span> <span class='ocrx_word' id='word_1_274' title='bbox 1041 3847 1202 3925; x_wconf 79' lang='lat' dir='ltr'><strong>indignus</strong></span> <span class='ocrx_word' id='word_1_275' title='bbox 1220 3848 1277 3910; x_wconf 92' lang='lat' dir='ltr'><strong>ille</strong></span> <span class='ocrx_word' id='word_1_276' title='bbox 1294 3848 1356 3910; x_wconf 91' lang='lat' dir='ltr'><strong>Dei</strong></span> <span class='ocrx_word' id='word_1_277' title='bbox 1372 3866 1489 3911; x_wconf 89' lang='lat' dir='ltr'><strong>servus</strong></span> 
     </span>
     <span class='ocr_line' id='line_1_35' title="bbox 308 3945 1490 4030; baseline -0.008 -18"><span class='ocrx_word' id='word_1_278' title='bbox 308 3949 497 4030; x_wconf 89' lang='lat' dir='ltr'><strong>opprimere</strong></span> <span class='ocrx_word' id='word_1_279' title='bbox 509 3948 629 4022; x_wconf 91' lang='lat' dir='ltr'><strong>vellet,</strong></span> <span class='ocrx_word' id='word_1_280' title='bbox 647 3948 706 4010; x_wconf 93' lang='lat' dir='ltr'><strong>illa</strong></span> <span class='ocrx_word' id='word_1_281' title='bbox 722 3965 803 4009; x_wconf 87' lang='lat' dir='ltr'><strong>naso</strong></span> <span class='ocrx_word' id='word_1_282' title='bbox 819 3945 1003 4008; x_wconf 88' lang='lat' dir='ltr'><strong>osculantis</strong></span> <span class='ocrx_word' id='word_1_283' title='bbox 1018 3963 1168 4024; x_wconf 82' lang='lat' dir='ltr'><strong>pugnum</strong></span> <span class='ocrx_word' id='word_1_284' title='bbox 1186 3952 1278 4007; x_wconf 89' lang='lat' dir='ltr'><strong>tanto</strong></span> <span class='ocrx_word' id='word_1_285' title='bbox 1296 3945 1409 4024; x_wconf 82' lang='lat' dir='ltr'><strong>vigere</strong></span> <span class='ocrx_word' id='word_1_286' title='bbox 1426 3945 1490 4004; x_wconf 92' lang='lat' dir='ltr'><strong>im-</strong></span> 
     </span>
     <span class='ocr_line' id='line_1_36' title="bbox 308 4043 1490 4128; baseline -0.003 -19"><span class='ocrx_word' id='word_1_287' title='bbox 308 4047 473 4128; x_wconf 83' lang='lat' dir='ltr'><strong>pinxerat,</strong></span> <span class='ocrx_word' id='word_1_288' title='bbox 485 4054 522 4110; x_wconf 90' lang='lat' dir='ltr'><strong>ut</strong></span> <span class='ocrx_word' id='word_1_289' title='bbox 532 4054 721 4128; x_wconf 90' lang='lat' dir='ltr'><strong>erumperet</strong></span> <span class='ocrx_word' id='word_1_290' title='bbox 731 4045 883 4124; x_wconf 83' lang='lat' dir='ltr'><strong>sanguis.</strong></span> <span class='ocrx_word' id='word_1_291' title='bbox 894 4046 980 4106; x_wconf 88' lang='lat' dir='ltr'><strong>Rata</strong></span> <span class='ocrx_word' id='word_1_292' title='bbox 992 4043 1108 4122; x_wconf 84' lang='lat' dir='ltr'><strong>igitur,</strong></span> <span class='ocrx_word' id='word_1_293' title='bbox 1125 4043 1186 4106; x_wconf 92' lang='lat' dir='ltr'><strong>hoc</strong></span> <span class='ocrx_word' id='word_1_294' title='bbox 1199 4043 1290 4106; x_wconf 92' lang='lat' dir='ltr'><strong>enim</strong></span> <span class='ocrx_word' id='word_1_295' title='bbox 1304 4043 1490 4106; x_wconf 89' lang='lat' dir='ltr'><strong>suadebant</strong></span> 
     </span>
    </p>
   </div>
   <div class='ocr_carea' id='block_1_3' title="bbox 341 4269 681 4496">
    <p class='ocr_par' dir='ltr' id='par_1_5' title="bbox 341 4269 681 4496">
     <span class='ocr_line' id='line_1_37' title="bbox 343 4269 511 4332; baseline 0 -10"><span class='ocrx_word' id='word_1_296' title='bbox 343 4270 365 4322; x_wconf 91' lang='lat' dir='ltr'><strong>l.</strong></span> <span class='ocrx_word' id='word_1_297' title='bbox 380 4270 417 4332; x_wconf 89' lang='lat' dir='ltr'><strong>ll,</strong></span> <span class='ocrx_word' id='word_1_298' title='bbox 432 4281 471 4332; x_wconf 87' lang='lat' dir='ltr'><strong>vr,</strong></span> <span class='ocrx_word' id='word_1_299' title='bbox 487 4269 511 4322; x_wconf 81' lang='lat'><strong>³.</strong></span> 
     </span>
     <span class='ocr_line' id='line_1_38' title="bbox 341 4348 681 4403; baseline -0.003 -1"><span class='ocrx_word' id='word_1_300' title='bbox 341 4349 365 4403; x_wconf 77' lang='lat'><strong>2.</strong></span> <span class='ocrx_word' id='word_1_301' title='bbox 380 4349 498 4403; x_wconf 74' lang='lat' dir='ltr'><strong>demitis</strong></span> <span class='ocrx_word' id='word_1_302' title='bbox 511 4350 546 4400; x_wconf 80' lang='lat' dir='ltr'><strong>de</strong></span> <span class='ocrx_word' id='word_1_303' title='bbox 557 4348 681 4401; x_wconf 78' lang='lat' dir='ltr'><strong>Viaoon.</strong></span> 
     </span>
     <span class='ocr_line' id='line_1_39' title="bbox 343 4431 567 4496; baseline -0.009 -12"><span class='ocrx_word' id='word_1_304' title='bbox 343 4432 367 4484; x_wconf 77' lang='lat'><strong>³.</strong></span> <span class='ocrx_word' id='word_1_305' title='bbox 383 4432 419 4496; x_wconf 94' lang='lat' dir='ltr'><strong>ll,</strong></span> <span class='ocrx_word' id='word_1_306' title='bbox 434 4442 514 4493; x_wconf 79' lang='lat' dir='ltr'><strong>xm,</strong></span> <span class='ocrx_word' id='word_1_307' title='bbox 528 4431 567 4483; x_wconf 82' lang='grc'><strong>39.</strong></span> 
     </span>
    </p>
   </div>
   <div class='ocr_carea' id='block_1_4' title="bbox 272 4513 1488 4661">
    <p class='ocr_par' dir='ltr' id='par_1_6' title="bbox 272 4513 1488 4661">
     <span class='ocr_line' id='line_1_40' title="bbox 272 4513 1488 4661; baseline -0.003 -13"><span class='ocrx_word' id='word_1_308' title='bbox 272 4561 274 4568; x_wconf 33' lang='lat'><strong>¹</strong></span> <span class='ocrx_word' id='word_1_309' title='bbox 342 4513 367 4650; x_wconf 68' lang='lat' dir='ltr'><strong>i.</strong></span> <span class='ocrx_word' id='word_1_310' title='bbox 381 4513 567 4648; x_wconf 52' lang='lat' dir='ltr'><strong>iiidxexileit&#39;si</strong></span> <span class='ocrx_word' id='word_1_311' title='bbox 574 4513 676 4646; x_wconf 70' lang='lat' dir='ltr'><strong>¹lisciva</strong></span> <span class='ocrx_word' id='word_1_312' title='bbox 694 4591 889 4658; x_wconf 78' lang='lat' dir='ltr'><strong>Oigniecenels</strong></span> <span class='ocrx_word' id='word_1_313' title='bbox 907 4591 993 4644; x_wconf 79' lang='lat' dir='ltr'><strong>vitam</strong></span> <span class='ocrx_word' id='word_1_314' title='bbox 1007 4591 1163 4642; x_wconf 69' lang='lat' dir='ltr'><strong>laterneto</strong></span> <span class='ocrx_word' id='word_1_315' title='bbox 1180 4595 1369 4661; x_wconf 66' lang='lat' dir='ltr'><strong>sagaciorum,</strong></span> <span class='ocrx_word' id='word_1_316' title='bbox 1384 4593 1488 4644; x_wconf 77' lang='lat' dir='ltr'><strong>mensis</strong></span> 
     </span>
    </p>
   </div>
   <div class='ocr_carea' id='block_1_5' title="bbox 310 4672 1494 4824">
    <p class='ocr_par' dir='ltr' id='par_1_7' title="bbox 310 4672 1494 4824">
     <span class='ocr_line' id='line_1_41' title="bbox 310 4672 1494 4744; baseline -0.007 -13"><span class='ocrx_word' id='word_1_317' title='bbox 310 4678 383 4744; x_wconf 78' lang='lat' dir='ltr'><strong>lunii</strong></span> <span class='ocrx_word' id='word_1_318' title='bbox 396 4681 473 4730; x_wconf 83' lang='lat' dir='ltr'><strong>tomo</strong></span> <span class='ocrx_word' id='word_1_319' title='bbox 486 4678 526 4731; x_wconf 81' lang='lat' dir='ltr'><strong>lv</strong></span> <span class='ocrx_word' id='word_1_320' title='bbox 540 4676 724 4744; x_wconf 75' lang='lat' dir='ltr'><strong>publicatam,</strong></span> <span class='ocrx_word' id='word_1_321' title='bbox 739 4675 752 4741; x_wconf 86' lang='grc' dir='ltr'>Ι</span> <span class='ocrx_word' id='word_1_322' title='bbox 768 4674 812 4740; x_wconf 72' lang='lat' dir='ltr'><strong>ll,</strong></span> <span class='ocrx_word' id='word_1_323' title='bbox 827 4689 856 4740; x_wconf 86' lang='lat' dir='ltr'><strong>p.</strong></span> <span class='ocrx_word' id='word_1_324' title='bbox 870 4675 918 4727; x_wconf 72' lang='lat'><strong>670</strong></span> <span class='ocrx_word' id='word_1_325' title='bbox 929 4672 1007 4726; x_wconf 78' lang='lat' dir='ltr'><strong>lr-d‘ll</strong></span> <span class='ocrx_word' id='word_1_326' title='bbox 1024 4687 1050 4726; x_wconf 78' lang='grc' dir='ltr'><strong>ι.</strong></span> <span class='ocrx_word' id='word_1_327' title='bbox 1066 4673 1110 4726; x_wconf 84' lang='lat' dir='ltr'><strong>ct.</strong></span> <span class='ocrx_word' id='word_1_328' title='bbox 1124 4678 1238 4726; x_wconf 79' lang='lat' dir='ltr'><strong>Bonum</strong></span> <span class='ocrx_word' id='word_1_329' title='bbox 1258 4676 1436 4736; x_wconf 74' lang='lat' dir='ltr'><strong>antemna,</strong></span> <span class='ocrx_word' id='word_1_330' title='bbox 1452 4673 1494 4740; x_wconf 87' lang='lat'><strong>11,</strong></span> 
     </span>
     <span class='ocr_line' id='line_1_42' title="bbox 314 4759 432 4824; baseline -0.008 -12"><span class='ocrx_word' id='word_1_331' title='bbox 314 4771 377 4824; x_wconf 78' lang='lat' dir='ltr'><strong>arv,</strong></span> <span class='ocrx_word' id='word_1_332' title='bbox 394 4759 432 4811; x_wconf 82' lang='lat' dir='ltr'><strong>n.</strong></span> 
     </span>
    </p>
   </div>
   <div class='ocr_carea' id='block_1_6' title="bbox 0 0 1843 5450">
    <p class='ocr_par' dir='ltr' id='par_1_8' title="bbox 0 0 1843 5450">
     <span class='ocr_line' id='line_1_43' title="bbox 0 0 1843 5450; baseline 0 0"><span class='ocrx_word' id='word_1_333' title='bbox 0 0 1843 5450; x_wconf 95' lang='lat' dir='ltr'><strong> </strong></span> 
     </span>
    </p>
   </div>
  </div>
 </body>
</html>
