3644 5450
852 529 1012 626 -n-

346 661 490 744 quodam
514 645 642 734 noiitio
664 665 811 748 graviter
835 665 1059 728 vulneratum.
1086 664 1166 741 (lui,
1189 663 1230 729 ad
1255 665 1383 730 Gallias
1406 663 1525 730 relicte

347 764 499 825 Romana
528 762 621 825 curia
649 761 818 836 redeunti,
852 763 1004 825 diabolus
1034 763 1176 826 insidias
1202 763 1309 825 lertur
1337 763 1521 843 paravisse.

346 861 444 924 Hunc
465 859 554 923 inter
574 879 690 924 omnes
713 869 804 924 tanto
826 861 929 924 coluit
947 861 1074 924 honore
1094 856 1252 936 ThomaS,
1275 868 1312 923 ut
1329 879 1463 941 prosam
1481 862 1522 925 de

343 958 444 1022 rebus
463 959 503 1020 ab
521 977 559 1021 eo
577 959 680 1038 gestis
697 967 728 1021 et
743 959 783 1022 de
798 958 892 1021 illins
907 966 1013 1022 morte
1033 959 1119 1021 libro
1135 959 1318 1022 inseruerit
1330 962 1352 1019 ¹.
1373 960 1422 1022 De
1440 959 1522 1021 Rai-

345 1057 469 1120 mundo
487 1058 526 1120 de
549 1059 763 1132 Pennalorti,
779 1058 877 1120 tertio
893 1059 1021 1120 ordinis
1037 1059 1214 1138 magistro,
1233 1057 1319 1119 nihil
1334 1056 1434 1132 dixit,
1453 1057 1521 1120 nisi

343 1156 431 1236 quod
446 1155 496 1217 vir
512 1156 607 1218 valde
624 1157 792 1219 litteratus
807 1155 920 1231 luerit,
938 1157 1019 1218 etin
1036 1164 1177 1236 utroque
1189 1157 1266 1237 jure
1280 1155 1404 1218 rexerit
1416 1162 1440 1217 ².
1456 1157 1521 1220 Sed

342 1254 532 1320 Johannem
547 1256 587 1317 de
600 1255 875 1329 Wildeslrausen,
891 1262 989 1317 antea
1001 1257 1209 1318 Bosnensem
1222 1255 1426 1334 episcopum,
1444 1254 1521 1317 Rai-

341 1352 459 1414 mundi
475 1371 713 1424 successorem,
731 1353 938 1433 ejurentute
954 1359 1069 1414 notum
1083 1353 1201 1414 habuit
1213 1343 1225 1382 ³
1239 1351 1422 1432 multisque
1436 1351 1520 1415 locis
1587 1429 1589 1431 ,

340 1448 506 1524 laudavit,
524 1450 678 1528 Gregorii
696 1450 784 1512 Noni
800 1449 949 1512 amicitia
968 1451 1139 1528 insignem
1154 1457 1186 1512 et
1201 1449 1424 1512 nihilominus
1439 1452 1520 1513 Fre-

341 1547 452 1610 derico
470 1548 639 1620 Secundo,
658 1555 695 1609 ut
710 1547 852 1620 vidntur,
874 1547 1075 1609 familiarem
1088 1549 1111 1606 ⁴.
1129 1550 1177 1610 De
1196 1546 1254 1608 illo
1272 1547 1408 1626 insigne
1424 1547 1520 1609 testi-

340 1645 492 1708 monium
517 1645 662 1708 Thomas
688 1645 876 1724 perhibuit,
902 1645 991 1723 quod
1014 1651 1094 1706 tune
1117 1644 1302 1706 Bosnensis
1330 1644 1517 1723 episcopus,

343 1767 356 1800 α
374 1762 449 1806 cum
465 1741 604 1805 haberet
619 1742 654 1803 in
673 1742 865 1822 episcopatu
885 1740 960 1821 plus
976 1761 1077 1822 quam
1092 1750 1164 1804 octo
1182 1739 1290 1802 millia
1306 1728 1528 1802 marcharum

340 1842 376 1902 in
395 1841 599 1916 redditibus,
621 1841 658 1901 in
680 1859 762 1902 usus
781 1847 892 1902 tamen
911 1839 1064 1918 proprios
1080 1840 1178 1920 quasi
1198 1837 1286 1901 nihil
1302 1839 1381 1902 inde
1396 1857 1519 1918 expen-

340 1940 449 2015 debat,
463 1941 523 2003 sed
532 1939 646 2002 omnia
654 1938 858 2019 pauperibus
872 1938 1040 2017 erogabat,
1054 1957 1115 2000 nec
1126 1939 1234 2001 solum
1246 1938 1381 2019 quidem
1394 1956 1519 2018 equum

339 2037 470 2112 habuit,
486 2038 545 2100 sed
556 2036 709 2112 asellum,
722 2037 781 2117 qui
793 2035 897 2098 libros
914 2043 946 2098 et
959 2036 1164 2116 episcopales
1175 2036 1300 2099 insulas
1312 2035 1516 2115 deportabat.

341 2137 417 2215 Ipse
434 2154 512 2197 voro
532 2135 632 2214 pedes
651 2153 726 2197 oum
742 2134 904 2198 fratribus
920 2134 1096 2196 incedebat
1108 2137 1130 2194 ⁵.
1155 2158 1168 2189 a
1187 2136 1258 2197 Noe
1275 2134 1402 2214 injuria
1416 2151 1518 2196 vene-

341 2233 468 2296 randus
490 2232 679 2295 habebatur
698 2231 745 2305 is,
765 2231 824 2311 qni
846 2237 962 2311 postea
984 2231 1019 2292 in
1045 2231 1235 2310 generalem
1261 2230 1364 2293 totius
1389 2229 1518 2292 ordinis

340 2331 539 2411 magistrum
554 2338 757 2410 assumptus,
772 2338 917 2394 remotas
932 2330 1104 2394 [lomaniae
1119 2336 1231 2409 partes
1245 2347 1313 2392 una
1325 2347 1401 2391 cum
1417 2327 1517 2391 sociis

338 2429 516 2494 lustrabat.
535 2433 634 2492 l-lunc
653 2437 810 2492 narrante
830 2431 932 2492 lralro
948 2417 1076 2492 Thema
1093 2429 1249 2492 andimus
1268 2428 1304 2490 in
1321 2427 1380 2490 illo
1394 2426 1518 2490 itinere

339 2528 591 2609 apauperrimo
612 2530 782 2592 sacerdote
803 2536 993 2608 exceptum;
1016 2547 1158 2610 cumque
1180 2528 1315 2590 domam
1334 2529 1446 2590 lessus
1463 2527 1517 2589 in-

337 2635 477 2702 trasset,
498 2646 703 2708 scamnoque
718 2627 870 2690 insidens
887 2646 1001 2690 secum
1017 2627 1193 2706 cogitaret,
1211 2627 1299 2688 nihil
1317 2626 1382 2689 sihi
1397 2635 1517 2705 praesto

339 2745 413 2788 csse
434 2727 523 2788 unde
545 2733 577 2787 et
597 2725 763 2803 hospitem
782 2733 1013 2786 remuneraret
1029 2732 1060 2786 et
1076 2725 1177 2786 sociis
1193 2725 1318 2787 victum
1336 2733 1514 2805 quaereret,

337 2823 452 2884 cornix
480 2823 591 2884 subito
619 2821 777 2882 advolans
804 2820 949 2882 insolito
971 2821 1216 2897 magnitudinis
1238 2841 1415 2883 nummum
1439 2830 1516 2884 ante

337 2920 438 2998 pedes
456 2918 650 2980 meditantis
668 2917 822 2996 deposuit
834 2921 856 2977 ⁶.

376 3015 567 3080 iohannem
581 3015 678 3077 illum
689 3015 883 3094 Argentinre
897 3015 985 3078 diem
1001 3024 1185 3079 extremum
1202 3016 1322 3095 egisse,
1339 3015 1455 3097 ibique
1466 3035 1515 3080 sc-

336 3114 468 3193 pultum
481 3132 555 3177 esse
566 3132 680 3176 verum
693 3119 759 3188 est;
777 3115 834 3176 sed
848 3113 1095 3193 aliquantulum
1108 3114 1232 3176 erravit
1243 3116 1347 3176 irater
1356 3114 1513 3190 Thomas,

337 3229 412 3274 cnm
431 3210 552 3273 diuerit
570 3211 642 3290 ojus
657 3227 776 3288 corpus
795 3229 882 3272 anno
904 3210 1032 3273 Christi
1050 3212 1216 3274 MCCLXI
1235 3230 1252 3272 e
1269 3211 1380 3289 priore
1402 3210 1515 3290 sepul-

336 3308 417 3371 chro
429 3304 464 3369 i'n
485 3307 710 3370 decentiorem
726 3306 835 3370 locum
854 3308 1052 3370 translatum
1074 3326 1159 3370 esse.
1176 3308 1234 3369 Ait
1251 3307 1341 3371 enim
1357 3309 1515 3386 Argenti-

335 3425 476 3470 nensern
498 3405 641 3468 eloctum
661 3405 714 3468 his
735 3405 975 3482 interfuisse¹3
1001 3406 1098 3468 nobis
1120 3424 1197 3468 vero
1218 3426 1257 3469 ex
1273 3398 1515 3469 'instrumentis

336 3503 665 3567 constatWalterurn
681 3504 720 3566 de
735 3503 955 3579 Geroldsech,
972 3504 1008 3566 in
1025 3504 1216 3583 episcopum
1231 3503 1515 3582 Argentincnsem

336 3602 490 3678 electum,
510 3621 598 3664 anno
610 3603 769 3678 MCCLX,
789 3611 865 3666 ante
881 3604 968 3666 diem
983 3603 1062 3684 J'ulii
1075 3603 1239 3666 decimam
1255 3602 1388 3666 tertiam
1401 3620 1515 3666 conse·

337 3709 465 3764 cretum
479 3720 564 3774 esse,
583 3719 644 3763 nec
655 3701 725 3780 jam
740 3719 780 3762 ex
797 3719 835 3764 eo
851 3700 948 3764 electi
964 3701 1100 3763 nomine
1110 3700 1260 3779 potuisse
1275 3699 1342 3762 dici
1352 3703 1375 3760 ⁸.
1389 3702 1410 3764 J
1412 3699 1514 3762 ohan·

337 3798 391 3860 nis
407 3798 521 3877 itaque
535 3815 653 3877 corpus
673 3815 739 3858 non
756 3816 805 3871 eo,
823 3817 889 3878 quo
904 3796 1048 3860 Thomas
1066 3797 1147 3860 velit
1165 3804 1329 3877 tempore,
1351 3798 1410 3861 sed
1425 3816 1514 3860 anno

336 3897 542 3976 praecedento
556 3894 755 3958 translatum
771 3914 845 3960 esse
861 3896 1076 3959 arbitramur.

369 4066 389 4116 l.
405 4067 440 4130 ll,
458 4079 526 4126 nvn,
542 4065 626 4126 laste
641 4065 674 4114 do
691 4065 787 4114 eodem
802 4065 925 4116 lordono
942 4067 1006 4116 vide
1023 4068 1121 4116 librum
1136 4067 1172 4122 ll,
1186 4082 1247 4132 cep.
1262 4079 1326 4128 xlx,
1343 4067 1397 4132 Η,
1413 4068 1514 4118 vitam·

335 4163 389 4212 quo
404 4153 507 4198 sanctur
525 4147 683 4210 Lutgardis‚
698 4147 745 4196 lib.
762 4147 811 4204 lll,
828 4161 922 4212 capr,
940 4148 966 4212 ἕξ
980 4149 1030 4211 l-t,
1048 4164 1073 4212 p.
1088 4148 1143 4198 250.

365 4227 389 4276 l.
406 4227 441 4284 ll,
456 4239 524 4289 evat,
539 4227 577 4278 st.

340 4356 343 4360 .
366 4307 389 4360 3.
407 4307 445 4368 ΙΙ,Ι
458 4319 526 4366 nvn,
540 4307 579 4358 58.

365 4385 390 4438 l.
405 4386 427 4448 1.
443 4399 490 4448 xx,
507 4386 548 4448 le,
563 4401 590 4451 p.
603 4385 648 4448 82;
665 4385 701 4448 ll,
716 4397 785 4449 xxx,
801 4385 840 4438 la.

324 4464 330 4476 ’
366 4469 389 4521 5.
404 4467 440 4532 11,
456 4480 524 4530 ravu,
538 4469 576 4518 55.

365 4549 390 4600 6.
406 4549 441 4608 ll,
457 4561 525 4610 uvir,
540 4549 579 4598 57,

366 4629 591 4690 r.1t.u·u‚5s.

365 4711 390 4760 8.
411 4708 562 4774 Wiegand,
580 4711 814 4761 urkundenbuch
829 4713 881 4762 der
894 4713 975 4762 stadt
990 4713 1170 4776 serentum,
1183 4715 1204 4764 t.
1219 4711 1242 4777 1,
1256 4729 1284 4780 p.
1299 4713 1356 4778 alt,
1367 4727 1396 4770 n.
1411 4713 1466 4769 ⁴58.
