3644 5450
846 549 1006 615 ..37-

381 683 539 748 Ceterum
558 701 626 748 non
643 683 724 747 solis
736 683 981 760 Dominicanis,
996 681 1076 748 licet
1091 681 1230 764 speciali
1246 699 1303 746 eos
1314 682 1426 746 studio
1441 699 1521 763 pro-

342 787 489 855 secutus,
505 781 740 860 propugnavit,
761 800 822 844 nee
844 781 935 844 enim
953 781 1016 844 soli
1032 787 1111 843 tunc
1127 780 1347 860 reprimendae
1366 780 1519 843 mollitiae

340 879 617 959 ron-manereque
635 880 776 942 11111111
791 880 914 942 (labant
929 898 1074 960 oporam.
1101 879 1379 942 Pr·aedicatoribus
1397 897 1518 958 nempe

340 977 513 1052 iratribus,
535 978 741 1054 1111111115,
762 978 873 1042 111111
895 979 1079 1041 certamine
1099 986 1131 1040 et
1155 977 1322 1040 Minoriteo
1341 984 1373 1040 et
1389 977 1518 1041 Cister-

339 1075 471 1140 eienses
493 1078 712 1153 adstiterunt,
736 1079 858 1160 quibus
884 1078 1001 1141 eadem
1024 1077 1218 1153 austeritas,
1243 1084 1275 1140 et
1298 1076 1421 1139 similis
1443 1076 1517 1156 ple-

339 1195 481 1256 rumque
501 1177 638 1239 fortuna
663 1176 739 1239 luit.
758 1179 845 1241 Nam
865 1177 895 1239 si
916 1195 970 1240 res
992 1175 1240 1239 decimotertio
1262 1175 1381 1239 saeculo
1404 1181 1516 1254 gestas

339 1273 476 1352 propius
491 1274 748 1354 inspexerimus,
768 1273 884 1354 procul
899 1273 1000 1336 dubio
1016 1274 1145 1354 patebit
1159 1280 1227 1336 tres
1242 1273 1319 1336 illos
1334 1272 1517 1335 monacho·

338 1390 413 1433 rum
428 1371 564 1436 ordines
576 1373 613 1433 ln
627 1392 749 1453 magno
760 1373 901 1454 parique
913 1371 1039 1435 honore
1056 1379 1135 1434 tuno
1150 1371 1238 1451 apud
1250 1389 1306 1434 cos
1321 1370 1439 1444 fuisse,
1457 1369 1517 1450 qui

338 1469 502 1550 peculiari
523 1489 602 1550 erga
617 1471 847 1536 Christianam
868 1471 968 1534 fidem
988 1471 1105 1533 ardore
1126 1468 1313 1532 fervebant.
1334 1467 1429 1544 Quod
1446 1467 1517 1529 uti·

339 1587 403 1652 que
424 1569 459 1632 in
476 1577 591 1634 sancto
608 1570 775 1634 Ludovico
797 1577 949 1651 apparet3
966 1569 996 1633 is
1014 1569 1116 1644 enim,
1138 1567 1229 1643 licet,
1246 1586 1265 1630 a
1284 1564 1515 1631 Benedictinis

338 1685 483 1748 persaepe
498 1667 665 1745 laudatus,
684 1688 806 1748 magna
822 1669 892 1732 illis
908 1668 1147 1732 sollicitudinis
1165 1685 1234 1732 suae
1247 1665 1301 1730 vel
1314 1665 1516 1729 munificen-
1593 1678 1598 1692 ’

338 1765 392 1828 tire
408 1765 537 1830 dederit
557 1768 767 1843 documenta,
788 1767 950 1830 fratribus
972 1775 1084 1831 tamen
1099 1765 1370 1830 mendicantibus
1392 1763 1515 1828 Cister-

338 1863 578 1944 oiensibusque
593 1867 758 1945 praecipue
773 1867 865 1928 lavit.

378 1961 535 2024 Maximis
554 1962 668 2043 itaque
691 1962 848 2027 laudibus
873 1982 892 2026 a
914 1965 1019 2026 tratre
1038 1963 1165 2025 Thema
1188 1969 1221 2026 et
1244 1959 1462 2024 Franciscani
1483 1967 1516 2023 11

339 2057 582 2123 cistercienses
609 2060 719 2122 ornati
744 2067 834 2122 sunt.
862 2060 957 2136 Quod
980 2078 1058 2123 vero
1082 2059 1210 2140 proprii
1235 2058 1364 2122 ordinis
1389 2059 1516 2121 famam

337 2155 588 2236 utilitatemque
604 2174 706 2235 super
721 2157 834 2218 omnio
849 2156 983 2229 coleret,
1000 2157 1036 2218 id
1051 2163 1083 2219 et
1098 2157 1174 2219 fleri
1192 2156 1319 2230 debuit,
1341 2161 1373 2218 11
1387 2173 1424 2218 11
1444 2155 1520 2235 ipsa

340 2253 467 2315 factum
483 2260 546 2316 est.
572 2254 659 2329 Quid
680 2254 815 2329 mirum,
841 2254 870 2317 si
891 2255 1027 2334 pietatis
1046 2273 1126 2332 erga
1146 2255 1269 2328 Deum,
1293 2253 1516 2329 abstinentiae,

339 2351 548 2415 austeritatis
566 2352 716 2432 exempla
728 2352 879 2428 daturne,
895 2373 934 2417 ea
949 2373 988 2417 ex
1003 2353 1072 2414 illis
1085 2352 1299 2433 potissimum
1315 2350 1518 2432 quaesiverit,

339 2470 482 2531 quorum
498 2451 564 2514 sibi
580 2453 785 2515 consortium
809 2453 989 2532 elegisset?
1008 2455 1080 2530 Quo
1097 2454 1134 2514 fit
1149 2459 1187 2515 ut
1201 2452 1242 2515 de
1260 2451 1377 2515 ordine
1397 2451 1518 2515 Praedi-

338 2557 490 2613 catorum
506 2551 687 2630 complura,
706 2569 769 2614 nec
784 2565 865 2614 sane
880 2551 1028 2627 inutilia,
1045 2570 1106 2614 nos
1122 2552 1248 2614 doceat.

378 2651 615 2728 Paupertatem
632 2649 666 2710 in
684 2649 803 2729 primis
818 2649 949 2725 laudat,
967 2668 985 2713 e
1002 2669 1069 2731 qua
1085 2657 1238 2729 uterque,
1258 2647 1518 2712 Praedicatorum

338 2747 467 2811 scilicet
480 2753 580 2826 atque
593 2748 774 2823 Minorem,
789 2749 955 2827 originem
971 2755 1116 2812 traxerat
1131 2747 1227 2822 ordo,
1244 2747 1279 2809 id
1293 2747 1337 2810 iis
1352 2747 1388 2809 in
1404 2766 1518 2827 supcr-

336 2845 427 2906 biam
445 2851 578 2907 vertens
600 2846 688 2924 quod
707 2864 828 2924 panem
846 2845 913 2908 sibi
937 2845 1087 2926 quotidie
1113 2845 1359 2907 Franciseanus
1378 2851 1515 2925 quaerat,

336 2941 590 3013 Dominicauus,
608 2942 758 3003 omnium
774 2942 882 3023 inops,
900 2950 1027 3006 vestem
1039 2943 1075 3004 11
1089 2943 1212 3006 1111111
1226 2943 1360 3006 laneam
1375 2942 1515 3018 deferat,

337 3039 453 3102 multis
468 3038 648 3102 sudoribus
663 3040 823 3103 iniectam
839 3043 861 3102 ¹.
884 3067 898 3098 α
920 3044 1025 3104 Taceo
1044 3041 1084 3104 de
1099 3040 1264 3104 iratribus
1283 3039 1517 3103 Praedioatori-

336 3138 411 3213 bus,
430 3138 489 3218 qui
504 3138 626 3201 studiis
644 3139 814 3204 continuis
832 3149 864 3204 et
884 3140 1011 3219 vigiliis
1027 3139 1199 3216 macerati,
1219 3158 1286 3203 non
1302 3140 1465 3203 habentes
1479 3139 1517 3202 in

336 3253 417 3299 zona
434 3254 490 3310 aes,
508 3236 567 3299 sed
584 3238 808 3314 membranas,
827 3257 893 3302 non
909 3239 944 3300 in
962 3239 1058 3320 equis
1074 3248 1132 3302 eut
1152 3239 1322 3312 curribus,
1341 3238 1400 3302 sed
1414 3238 1516 3301 115515

337 3334 476 3396 artubus
506 3335 703 3413 etpedibus
736 3336 944 3413 gradientes,
979 3335 1275 3416 praedicationibus
1309 3341 1415 3414 terras
1450 3333 1517 3396 cir-

336 3439 507 3494 cumeunt.
525 3431 590 3495 Sed
607 3433 821 3496 delratribus
837 3433 1027 3496 Minoribus
1043 3433 1204 3513 quidnam
1217 3433 1337 3507 dicam,
1359 3430 1420 3514 qui
1433 3431 1517 3495 duro

337 3528 439 3591 cincti
458 3529 626 3605 ianiculo,
647 3537 679 3593 et
701 3530 775 3594 sine
791 3531 916 3594 amictu
931 3550 1041 3611 oappae
1061 3531 1114 3595 vel
1135 3531 1246 3610 pallii,
1268 3531 1381 3594 induti
1401 3531 1518 3594 tunica

337 3645 438 3707 super
453 3627 559 3702 nudo,
581 3629 724 3708 pedibus
746 3630 846 3692 nudis
867 3630 1096 3710 supernivem
1118 3629 1273 3709 gelidam,
1295 3629 1392 3710 quasi
1417 3648 1519 3709 super

303 3752 309 3762 ·
337 3722 467 3800 lanam,
492 3725 708 3790 deambulant
724 3719 799 3788 ²?2›
828 3730 899 3791 Nec
925 3728 1113 3790 ullomodo
1137 3725 1417 3790 Praedioatoribus
1441 3725 1518 3789 ideo

337 3821 558 3886 invidendum
577 3833 701 3902 censet,
719 3826 808 3907 quod
828 3846 847 3889 a
863 3826 977 3890 labore
994 3844 1156 3889 manuum
1180 3825 1389 3899 abstineant3
1411 3823 1517 3887 multo

338 3919 430 3982 enim
446 3921 605 4001 asperior,
630 3922 660 3986 si
677 3923 810 3988 Thema²
829 3925 960 4000 credas,
981 3925 1075 3988 labor
1093 3924 1124 3987 is
1139 3931 1190 3986 est
1205 3941 1306 4004 quem
1323 3923 1359 3984 in
1376 3922 1518 3985 audien-

243 4036 250 4048 ·
338 4017 390 4082 dis
411 4019 683 4084 confessionibus
707 4031 948 4104 exsequuntur,
973 4023 1053 4085 dum
1079 4022 1259 4102 spurcitias
1285 4020 1518 4101 peccaminum

338 4125 504 4195 coguntur
523 4117 681 4194 tolerare,
701 4145 714 4176 r
739 4128 771 4184 et
786 4120 886 4184 sicin
906 4121 1027 4184 mediis
1047 4120 1214 4184 incendiis
1237 4118 1354 4200 positi,
1370 4137 1438 4199 praa
1456 4137 1518 4181 an-

339 4214 451 4294 gustia
468 4216 550 4295 quid
569 4217 711 4292 iaciant,
730 4237 795 4299 quo
815 4237 851 4282 se
870 4225 1012 4293 vertant,
1031 4219 1188 4297 ignorant
1202 4207 1225 4278 ⁸.
1244 4242 1258 4274 r
1278 4219 1350 4280 Hoc
1367 4217 1457 4280 idem
1476 4217 1516 4280 de

336 4313 500 4377 fratribus
513 4315 784 4382 mendicantibus
799 4317 971 4400 opinatam
985 4334 1059 4384 esse
1075 4323 1190 4381 narrat
1203 4316 1373 4400 Aleydim,
1387 4315 1515 4384 Cister-

370 4575 391 4626 1.
407 4575 485 4642 ll,x,
502 4577 540 4628 111.

367 4657 391 4710 2.
408 4658 448 4722 11,
465 4670 509 4722 111,
526 4659 563 4711 11.

369 4739 392 4792 ³.
408 4739 448 4803 11,
463 4750 492 4804 x,
508 4741 531 4791 7.
