3644 5450
835 567 995 632 ..43-

337 697 475 762 Terram
490 697 645 762 Sanctam
665 698 852 778 proiectum
867 717 941 763 esse
955 701 1059 763 refert
1071 702 1093 760 ¹.
1114 700 1179 763 Hic
1199 701 1359 764 adversus
1379 700 1510 783 Philip·
1576 698 1578 701 ’

330 813 410 874 pum
437 795 476 858 de
504 795 649 869 Gravia,
679 795 921 860 Universitatis
954 796 1159 859 Parisiensis
1189 804 1302 876 partes
1332 805 1507 876 agentem,

329 892 457 956 Thema
473 898 569 965 teste,
587 892 769 972 disputavit
780 899 804 969 ²,
823 901 855 956 et
872 912 891 956 a
906 894 1073 956 Ludovico
1088 896 1184 957 Nono
1199 913 1278 975 rege
1291 895 1326 956 id
1339 895 1414 958 lieri
1429 914 1508 975 pos-

329 990 449 1053 tulavit
473 999 509 1053 ut
530 990 610 1053 libri
634 990 827 1056 Judaeorurn
850 993 1016 1055 Lutetiam
1034 993 1253 1056 comburendi
1268 995 1470 1058 afferrentur
1483 978 1518 1056 's

328 1090 369 1152 lit
383 1088 531 1168 profecto
551 1089 757 1153 doctissimis
775 1089 903 1153 ordinis
919 1091 973 1154 sui
989 1091 1162 1170 magistris
1182 1091 1218 1152 in
1233 1091 1349 1154 multis
1365 1110 1508 1156 cousen-

327 1186 431 1249 tiebat
448 1194 577 1262 noster3
594 1186 684 1250 idern
700 1187 790 1251 enirn
806 1189 894 1268 apud
908 1188 1086 1269 plerosque
1102 1189 1270 1252 sentiendi
1285 1190 1403 1252 modus
1421 1208 1428 1250 :
1446 1191 1507 1254 Sa·

327 1290 441 1347 tanam
451 1283 654 1366 ubicumque
670 1285 818 1348 humano
833 1287 950 1365 generi
962 1287 1106 1350 insidias
1119 1295 1294 1368 parantem
1307 1295 1340 1350 et
1348 1286 1505 1363 Thomas,

328 1389 361 1446 et
375 1383 545 1460 Albertus,
565 1391 598 1448 et
614 1384 782 1448 Henricus
799 1385 1013 1449 coloniensis
1034 1385 1293 1461 denuntiavere,
1313 1403 1351 1448 eo
1369 1386 1508 1466 potissi-

326 1500 418 1543 mum
434 1481 531 1544 modo
549 1480 609 1544 illa
626 1482 709 1561 ipsa,
730 1501 803 1562 quae
821 1482 928 1545 oculis
947 1483 1073 1546 nostris
1088 1501 1200 1546 rerum
1221 1491 1343 1546 natura
1357 1484 1505 1565 subjicit,

326 1581 751 1660 frequenterinterpretati.
766 1581 861 1656 Quod
870 1589 908 1642 ut
919 1581 1068 1660 exemplo
1080 1581 1344 1661 comprobemus,
1359 1583 1506 1644 Henrico

325 1677 534 1752 Coloniensi,
558 1684 638 1740 tunc
660 1678 696 1738 in
721 1679 823 1740 Terra
843 1679 966 1741 Sancta
986 1679 1090 1757 priori
1110 1678 1324 1758 provinciali,
1345 1678 1382 1739 id
1401 1679 1506 1742 frater

324 1775 469 1839 Thomas
485 1775 648 1840 accidisse
663 1776 759 1850 dicit,
778 1777 865 1858 qnod
881 1776 917 1837 in
933 1776 1032 1839 litore
1048 1776 1237 1840 Acconensi
1253 1776 1506 1841 cumfratribus

326 1875 463 1948 sedens,
483 1882 642 1954 surgente
657 1874 781 1937 nebula
801 1883 948 1937 montem
968 1876 1074 1938 muris
1096 1875 1266 1937 hirsutum
1285 1893 1302 1936 e
1322 1873 1407 1936 mari
1429 1893 1505 1937 sur-

325 1979 459 2051 gentem
476 1972 608 2046 viderit,
626 1972 668 2034 ad
683 1990 783 2052 quem
795 1972 926 2052 equites
942 1973 1138 2053 peditesque
1155 1991 1214 2052 per
1228 1977 1364 2051 pontem
1376 1971 1412 2032 in
1428 1990 1505 2035 aere

327 2077 543 2150 apparentem
556 2071 763 2134 transirent:
783 2096 796 2126 ι(
814 2071 966 2151 Cumque
978 2072 1100 2134 fratres
1116 2068 1326 2150 aliquamdiu
1341 2068 1399 2131 tali
1415 2087 1504 2150 spec-

327 2167 436 2231 taculo
454 2168 615 2231 nimirum
637 2167 771 2230 attoniti
794 2175 1000 2242 tenerentur,
1017 2168 1101 2229 dixit
1123 2167 1287 2230 fratribus
1303 2167 1412 2230 dictus
1426 2186 1504 2246 pro-

326 2265 482 2329 vincialis
499 2267 604 2327 irater
619 2265 786 2328 llenricus
804 2285 810 2325 :
831 2290 844 2321 ι(
862 2266 1061 2344 Surgamus,
1080 2266 1222 2340 fratres3
1241 2283 1356 2326 eamus
1373 2264 1414 2326 ad
1428 2283 1504 2326 ora-

328 2391 341 2422 c
367 2365 509 2441 tionern;
535 2364 648 2427 illudit
671 2365 761 2428 enirn
784 2363 937 2427 diabolus
957 2365 1063 2428 oculis
1086 2363 1227 2437 nostris,
1251 2371 1288 2427 ut
1308 2363 1503 2427 curiositate

327 2491 341 2524 c
366 2485 426 2529 nos
442 2471 567 2540 teneat,
590 2472 622 2528 ct
644 2465 741 2528 allel
763 2483 861 2544 opcrc
881 2472 1081 2544 torpeamus
1101 2489 1115 2520 v
1134 2462 1375 2528 secedentibus
1389 2461 1503 2526 [ratri-

325 2565 399 2640 bus,
414 2565 532 2647 aliqui,
547 2565 741 2628 curiositate
752 2565 854 2640 ducti,
871 2565 1027 2646 usquein
1043 2566 1144 2628 lluem
1160 2570 1299 2628 eventus
1312 2562 1502 2626 immobiles

323 2672 582 2746 permanserunt
607 2665 849 2745 videruntque,
876 2663 1025 2728 instante
1047 2670 1160 2739 nocte,
1186 2671 1225 2727 ut
1254 2662 1369 2742 prius,
1397 2661 1501 2726 maris

323 2764 425 2826 undis
441 2763 598 2826 nebulam
610 2763 834 2844 superspargi,
852 2770 968 2842 etpost
979 2763 1147 2826 modicum
1161 2761 1284 2826 nebula
1296 2759 1499 2840 disparente,

324 2861 452 2924 nullam
467 2868 643 2925 structurae
660 2862 754 2925 illius
770 2860 1024 2925 subsistentiam
1040 2863 1263 2940 cornpa1·e1·e⁴.
1283 2883 1297 2914 »

886 3232 943 3307 lx

513 3518 564 3573 DE
592 3518 753 3575 cerutus
780 3517 1061 3574 MONACHORUM
1088 3515 1313 3574 ORDlNlBUS.

367 3815 627 3880 cisterciensem
638 3814 791 3877 ordinem
802 3814 946 3878 Thomas
958 3814 995 3875 in
1008 3813 1164 3876 omnibus
1176 3814 1247 3875 lere
1258 3810 1338 3874 libri
1347 3811 1501 3892 partibus

326 3909 487 3986 laudavit,
500 3910 635 3974 beatum
644 3912 747 3974 immo
757 3911 852 3986 dixit,
864 3911 1033 3974 memoriae
1043 3910 1179 3972 tradens
1192 3908 1281 3989 quod
1290 3907 1326 3970 in
1336 3925 1375 3972 eo
1386 3907 1500 3971 nullus

328 4015 420 4072 extra
434 4009 661 4082 refectorium,
678 4008 900 4071 infirmariam
915 4008 967 4071 vel
982 4027 1134 4071 mensam
1146 4006 1276 4070 abbatis
1290 4004 1503 4068 consueverit

209 4111 211 4116 '
327 4106 499 4171 comedere
514 4111 538 4168 ⁸.
562 4109 655 4170 Inter
684 4125 761 4170 eum
787 4126 919 4188 quoque
943 4113 976 4170 et
1000 4105 1178 4169 canonicos
1202 4104 1374 4184 regulares
1398 4120 1502 4182 pecu-

324 4203 444 4268 liarem
464 4204 648 4268 amicitiam
668 4205 774 4269 luisse
794 4205 955 4279 diximus,
975 4223 1118 4285 quorum
1133 4202 1251 4278 etiam,
1267 4207 1445 4282 postquam
1459 4199 1502 4262 ad

358 4429 378 4480 Ι.
396 4430 435 4489 11,
449 4441 527 4490 xnur,
542 4429 563 4480 l.

355 4510 379 4562 t.
396 4511 436 4577 ll,
450 4522 479 4572 x,
492 4511 531 4564 36.

356 4592 379 4645 3.
395 4592 418 4654 1,
431 4603 474 4656 m,
486 4592 510 4642 6.

356 4670 379 4722 l.
397 4671 432 4732 11,
445 4682 514 4733 nvn,
527 4671 566 4722 29.

356 4753 380 4804 t.
395 4751 431 4816 11,
447 4762 499 4816 xn,
512 4751 534 4802 ³.
