3644 5450
335 1307 339 1322 ‚
378 1249 519 1314 QUIBUS
547 1246 795 1302 TEMPORIBUS
823 1246 922 1300 OPUS
949 1241 1216 1301 'rttthtnTUtt
1243 1249 1319 1303 VEL
1348 1248 1459 1304 TYPIS

708 1401 711 1407 ·
752 1368 978 1426 MANDATUM
1007 1369 1082 1425 SIT.

375 1651 496 1726 Magna
521 1647 610 1708 inter
633 1663 773 1727 proavos
798 1653 928 1708 nostros
954 1646 1061 1724 gratia
1081 1645 1214 1709 'l'homae
1240 1647 1507 1727 Cantipratensis

334 1765 417 1824 opus
435 1763 502 1807 non
516 1764 534 1806 a
549 1743 714 1823 principio
733 1752 872 1816 tantum,
890 1743 948 1804 sed
963 1743 1219 1821 procedentibus
1235 1745 1336 1808 etiam
1353 1747 1509 1827 tempori-

335 1845 397 1906 bus
417 1851 590 1921 exeeptnm
612 1859 686 1903 esse
702 1840 859 1902 vidimus.
876 1841 985 1902 'lestis
1003 1841 1104 1920 liujus
1126 1841 1176 1902 rei
1197 1842 1332 1922 sapiens
1352 1843 1410 1906 ille
1431 1845 1508 1908 doc·

336 1942 556 2020 tissimnsquc
575 1957 633 2001 rex
657 1948 770 2000 noster
794 1938 934 2001 Carolus
959 1939 1116 2014 Quintus,
1142 1939 1199 2018 qui
1224 1943 1350 2002 bibrum
1373 1961 1509 2020 operae

334 2038 440 2101 latino
461 2055 614 2100 sermone
635 2037 671 2097 in
687 2036 843 2114 gallicum
865 2037 1041 2099 transferri
1060 2037 1183 2117 jussit,
1209 2039 1422 2120 codicemque
1442 2040 1510 2104 ele-

337 2145 470 2216 gantem
487 2136 577 2196 inter
590 2134 694 2196 libros
712 2135 820 2211 regios
836 2133 1020 2207 collocavit,
1039 2135 1072 2196 in
1090 2135 1185 2214 cujus
1196 2136 1314 2198 ultimo
1330 2137 1410 2199 lolio
1425 2157 1510 2218 qure-

337 2236 414 2296 dam
434 2234 602 2310 leguntur,
624 2230 758 2309 propria
776 2231 865 2307 regis
887 2248 989 2291 manu
1003 2249 1090 2292 anno
1106 2231 1350 2295 MCCCLXXII
1368 2235 1508 2314 scripta,
1572 2287 1574 2292 .

338 2331 461 2411 quibus
474 2329 561 2391 bane
571 2327 825 2389 translationem
840 2327 912 2406 ipso
924 2328 1063 2407 jubente
1077 2328 1197 2389 laetam
1209 2347 1283 2391 esse
1297 2337 1436 2392 testatus
1447 2339 1509 2394 est.

336 2431 439 2491 Porro
453 2426 709 2507 quadragesimo
733 2425 868 2486 circiter
887 2433 960 2503 post
982 2424 1051 2485 baec
1073 2443 1171 2500 anno,
1193 2425 1435 2490 incarnationis
1460 2429 1511 2492 vi-

336 2526 455 2588 delicet
471 2524 645 2587 dominicae
661 2523 991 2603 quadringentesimo
1007 2523 1194 2598 undecimo,
1211 2524 1240 2586 is
1256 2525 1342 2587 liber
1353 2527 1390 2586 in
1400 2527 1511 2589 indice

336 2622 547 2684 bibliothecis
572 2622 686 2698 regias,
711 2639 784 2700 (pure
804 2628 882 2680 tunc
904 2621 940 2680 in
959 2619 1082 2698 palatio
1105 2623 1242 2699 Luparae
1263 2623 1509 2698 asservabatur,

336 2728 470 2782 notatus
483 2719 667 2781 invenitur.
683 2721 781 2779 Hunc
797 2717 955 2782 codicem.
972 2726 1085 2779 nostro
1102 2726 1247 2796 tempore
1258 2719 1292 2779 in
1309 2718 1512 2782 bibliotheca

260 2836 262 2840 ’
336 2819 429 2896 regia
444 2815 656 2878 Bruxellensi
671 2816 717 2893 (11⁰
732 2815 820 2895 9507)
837 2824 1021 2892 repertum,
1043 2815 1228 2893 leopoldus
1246 2815 1372 2879 Delisle
1394 2835 1510 2896 super-

337 2916 450 2979 etitem
466 2933 540 2977 esse
555 2913 716 2976 revelavit
729 2916 750 2972 ¹.

378 3015 460 3076 Inde
484 3020 641 3090 vergente
666 3013 702 3073 in
724 3012 825 3073 finem
848 3011 976 3073 decimo
995 3012 1113 3092 quinto
1135 3013 1273 3089 saecuto,
1297 3033 1335 3078 eo
1357 3015 1513 3078 videlicet

337 3124 484 3192 tempore
509 3130 574 3192 quo
594 3111 702 3172 adbuc
728 3110 764 3170 in
791 3110 968 3172 cunabulis
989 3129 1047 3173 ars
1068 3113 1350 3192 typographorum
1368 3113 1510 3195 jacebat,

338 3217 457 3276 Beuum
475 3213 651 3273 uuieersate
673 3211 707 3270 a·
726 3211 835 3288 opibus
857 3209 909 3272 bis
934 3210 1023 3289 typis
1050 3211 1244 3272 mandatum
1263 3220 1332 3288 est,
1355 3221 1386 3275 et
1405 3214 1513 3292 primo

338 3312 485 3392 quidem,
505 3318 541 3370 ut
556 3309 698 3383 videtur,
720 3301 975 3386 Argentorati²;
994 3327 1094 3387 quam
1110 3310 1290 3372 editionem
1306 3329 1380 3372 mox
1395 3309 1511 3386 altera,

337 3409 443 3488 priori
459 3406 649 3479 simillima,
674 3415 705 3468 et
729 3405 913 3467 seeundum
936 3406 1097 3484 quosdam
1121 3406 1267 3470 Coloniae
1288 3407 1513 3488 Agrippinen-

339 3507 429 3570 sium
450 3505 624 3583 evulgata,
653 3504 833 3567 subsecuta
858 3493 942 3566 est³.
968 3505 1076 3567 Annis
1097 3523 1175 3567 vero
1198 3505 1363 3585 posthaec
1387 3506 1514 3586 aliquot

374 3730 395 3780 l.
412 3728 536 3792 Leopold
552 3727 669 3782 Delisle,
683 3729 825 3789 ttttaupes
840 3730 874 3776 de
890 3729 1091 3788 palleoraptrle
1107 3733 1131 3778 et
1150 3732 1184 3778 de
1201 3731 1413 3791 bitrttepraptrte.
1430 3735 1515 3780 litotes

340 3824 392 3859 sur
406 3811 554 3869 differente
569 3810 745 3856 manuscrits
761 3811 795 3855 de
812 3810 944 3868 neterque
959 3812 983 3857 et
1000 3812 1034 3856 de
1049 3812 1203 3870 llottandr,
1219 3824 1245 3872 p.
1260 3808 1383 3864 ‘iit-tr&
1400 3814 1434 3858 Le
1450 3813 1514 3860 bien

341 3891 485 3938 universal
501 3891 550 3936 des
566 3889 700 3935 ruouebes
715 3887 731 3933 d
746 3888 823 3935 miei.

371 3968 395 4019 2.
413 3968 536 4016 Priorem
554 3967 625 4014 banc
640 3965 791 4014 editionem
808 3966 986 4028 Argentorati
1005 3967 1076 4015 torte
1095 3967 1186 4015 datam
1207 3968 1338 4030 opinatur
1355 3969 1515 4019 Ludovicus

342 4047 414 4097 llain
428 4049 635 4109 (Repertorium
653 4047 923 4106 biblioprapbt'cum,
939 4045 994 4095 vol.
1011 4045 1036 4105 l,
1053 4060 1117 4109 pars
1134 4059 1157 4108 1,
1174 4061 1199 4110 p.
1220 4048 1279 4110 502,
1292 4062 1319 4100 n.
1336 4049 1420 4110 solt),
1436 4051 1515 4112 cujus

341 4128 453 4192 quidem
471 4126 640 4189 exemplaria
656 4125 840 4188 pulcherrima
861 4124 980 4174 Lutetiae
1003 4125 1172 4176 Parisiorum
1192 4129 1220 4175 in
1241 4127 1406 4178 bibliotheca
1423 4133 1516 4180 natio-

342 4212 403 4258 nali
419 4212 598 4256 asservantur
614 4206 756 4266 (Rescrve,
777 4205 808 4256 l).
828 4205 905 4267 1338).
922 4205 1068 4255 Nescimus
1084 4212 1176 4255 autem
1191 4223 1241 4256 cur
1256 4223 1315 4256 eam
1333 4209 1515 4260 colvenerius

342 4287 501 4337 Deventrioe
521 4287 612 4333 dariam
628 4286 779 4333 asseruerit
793 4297 798 4342 ;
816 4285 919 4332 nullam
935 4285 1008 4332 enim
1024 4287 1084 4348 ejus
1098 4287 1265 4336 mentionem
1279 4289 1344 4338 lecit
1359 4289 1516 4354 Gampbell,

341 4369 475 4416 librorum
494 4366 522 4413 in
540 4365 654 4414 batavia
675 4364 735 4412 ΧΨ
751 4365 856 4414 saeculo
878 4365 953 4427 typis
974 4367 1166 4414 mandatorum
1180 4368 1366 4430 peritissimus
1381 4368 1517 4432 (Annales

342 4453 377 4499 de
393 4453 419 4498 la
435 4447 619 4508 tupoprapltie
635 4446 835 4494 neertaudaiss
851 4459 887 4494 au
903 4449 927 4494 Χ
933 4450 963 4494 V·
979 4449 1073 4504 siecle,
1089 4447 1126 4496 La
1142 4447 1234 4512 llayo,
1252 4448 1331 4510 1874).

374 4531 397 4580 3.
415 4530 485 4582 Bibt.
501 4533 569 4588 nat,
584 4527 715 4589 Reserve,
731 4526 764 4587 l),
781 4526 848 4575 1341.
861 4525 901 4574 lle
912 4526 954 4575 bis
970 4527 1140 4578 editionibus
1154 4529 1310 4580 disseruero
1324 4529 1517 4598 colvenerius,

343 4613 373 4662 in
389 4611 554 4676 praelatione
573 4608 607 4658 ad
627 4610 773 4667 lectorem,
789 4607 911 4657 lacobus
931 4607 1028 4668 Quietis
1043 4613 1071 4658 et
1089 4609 1210 4661 lacobus
1226 4595 1333 4661 llcbard
1349 4611 1378 4663 iu
1396 4614 1468 4666 libro
1483 4615 1518 4665 ds

343 4693 532 4753 scriptoribus
550 4691 663 4740 ordinis
679 4691 916 4747 predicatorum,
933 4692 952 4738 t.
969 4689 994 4752 l,
1011 4703 1036 4753 p.
1051 4689 1095 4741 tat
1113 4694 1137 4744 b.
1154 4689 1196 4744 ct.
1213 4692 1334 4758 Brunet,
1350 4677 1464 4746 Manust
1477 4699 1517 4747 du

344 4774 470 4824 librat're.
