3644 5450
844 641 1004 700 ..60-

339 774 430 847 dum,
448 781 481 836 et
496 774 569 854 ejus
586 773 742 835 contritio
756 779 848 834 tanta
859 773 935 847 fuit,
952 780 989 834 ut
1004 772 1072 847 ille,
1090 773 1185 853 cujus
1201 772 1356 850 superius
1371 771 1513 833 fecimus

338 872 561 946 mentionem,
589 889 667 934 vcro
693 871 814 949 dignus
838 870 1011 934 Conradus
1034 870 1301 933 hildesemensis
1326 869 1512 948 episcopus,

340 977 520 1033 testaretur
539 969 593 1032 vix
614 989 649 1033 se
668 988 766 1049 posse
788 969 922 1032 credere
937 968 1026 1049 quod
1040 968 1126 1032 Otho
1144 968 1334 1047 imperator,
1351 975 1425 1048 post
1441 975 1515 1029 tan-

341 1075 408 1130 tam
424 1067 637 1131 contritionis
649 1069 889 1148 pmnitentiam,
904 1068 957 1131 vcl
969 1069 1011 1131 ad
1025 1068 1142 1129 horam
1154 1075 1228 1146 post
1242 1075 1383 1130 mortem
1397 1085 1515 1147 purga·

340 1168 465 1229 torium
482 1169 665 1232 sustineret
677 1171 699 1229 ¹.
720 1193 733 1224 n

383 1267 597 1328 Fredericum
613 1265 814 1338 Securtdum,
824 1265 1022 1342 Apostolicrc
1030 1265 1321 1338 Sedisinimicnm,
1331 1263 1515 1340 etinsigni-

342 1360 1512 1442 busingeniidotibusetmorumincontinentiaflagitiisqueillustrem,

343 1480 409 1523 non
426 1462 541 1522 eodem
560 1462 719 1534 Thomas,
741 1479 807 1540 quo
824 1461 938 1534 multi,
955 1460 1087 1522 videtur
1102 1461 1177 1521 odio
1191 1468 1387 1539 prosecutus
1407 1477 1480 1522 esse
1491 1451 1514 1532 ⁸²,

342 1558 440 1619 fratri
458 1556 650 1620 Salimbcne
670 1557 768 1636 quasi
788 1557 931 1636 quodam
950 1557 1046 1618 modo
1066 1557 1206 1630 similis,
1224 1557 1283 1636 qni
1303 1574 1338 1618 se
1358 1573 1517 1633 magnum

343 1655 579 1733 imperatorem
598 1655 679 1716 olim
694 1654 852 1717 dilexisse
874 1657 989 1717 refert.
1005 1655 1063 1715 Ait
1082 1655 1172 1716 enim
1188 1655 1300 1729 illum,
1318 1672 1356 1716 eo
1372 1663 1517 1732 tempore

344 1770 410 1831 qno
427 1752 545 1814 beatus
559 1752 704 1815 Thomas
718 1753 872 1833 Aquinas
886 1753 1078 1815 afratribus
1094 1753 1165 1815 suis
1178 1754 1213 1813 in
1229 1771 1395 1816 carcerem
1411 1752 1519 1813 detru-

346 1867 403 1910 sus
424 1855 528 1921 essct,
552 1867 571 1908 a
592 1847 764 1923 Johanne,
788 1849 1046 1911 Pr·aedicator·um
1068 1850 1246 1926 magistro,
1269 1849 1319 1910 rei
1343 1849 1519 1910 certiorem

344 1945 472 2005 factum
491 1961 582 2018 esse,
608 1962 794 2024 parumque
818 1945 968 2007 abfuisse
988 1944 1070 2024 quin
1091 1946 1198 2008 iratus
1223 1947 1258 2007 in
1286 1945 1519 2027 delinquentes

346 2041 478 2104 saeviret
502 2061 508 2100 :
532 2066 546 2096 a
568 2042 638 2104 Nec
657 2040 726 2103 ullo
747 2043 860 2116 modo,
877 2043 990 2121 inquit
1005 2043 1164 2118 Thomas,
1182 2043 1299 2106 mortis
1319 2043 1520 2106 sententiam

347 2138 554 2212 evasissent,
578 2138 607 2199 si
631 2138 740 2214 dictus
763 2139 923 2216 magister
941 2139 977 2199 in
999 2141 1209 2218 querimonia
1225 2140 1441 2218 perstitisset,
1464 2141 1521 2202 sed

347 2236 474 2296 veritus
497 2243 547 2296 est
564 2236 731 2314 judicium
756 2237 948 2313 sanguinis,
970 2244 1002 2297 et
1023 2237 1235 2315 imperatoris
1258 2237 1408 2298 animum
1429 2238 1520 2299 miti-

347 2332 448 2410 gavit.
466 2333 621 2396 Graviter
634 2333 735 2408 enim,
751 2334 865 2396 audita
878 2342 969 2396 tanta
981 2334 1229 2398 inhumanitate
1246 2336 1388 2397 fratrum
1402 2336 1438 2396 in
1454 2337 1522 2398 ira-

349 2440 449 2505 trem,
467 2431 579 2495 Caesar
600 2440 783 2494 commotus
805 2435 910 2495 crat³.
939 2456 952 2487 ι
974 2433 1061 2495 Nam
1087 2431 1270 2511 plurimum
1291 2432 1377 2510 apud
1403 2434 1523 2495 Frede-

350 2529 457 2594 ricum
469 2529 616 2592 valuisse
629 2530 761 2592 videtur
773 2529 945 2592 Johanncs
956 2530 1014 2593 ille
1025 2531 1195 2610 magister,
1209 2532 1524 2610 cumputontissimo

350 2627 545 2705 imperatori
561 2628 806 2707 impudicitiam
827 2629 1024 2706 exprobrare
1046 2647 1111 2690 non
1131 2629 1376 2704 formidaverit,
1400 2655 1413 2686 u
1438 2631 1524 2710 quod

349 2725 427 2787 licet
452 2726 632 2805 imperator
654 2726 819 2804 patienter
848 2727 963 2788 andire
985 2727 1154 2790 videretur
1175 2729 1339 2802 exterius,
1365 2730 1401 2789 in
1427 2728 1523 2790 corde

349 2816 461 2886 tamen
482 2825 779 2902 indignantissime
802 2825 1012 2902 gravabatur.
1036 2850 1049 2880 a
1074 2827 1155 2888 Inde
1175 2827 1298 2888 dicitur
1314 2827 1523 2901 Fredericus,

307 2964 311 2974 ·
349 2931 387 2986 ut
402 2923 595 3004 objurganti
610 2923 784 2986 silentium
800 2923 1002 3002 imponeret,
1020 2925 1152 2986 cuidam
1168 2945 1185 2987 e
1201 2926 1273 2988 suis
1291 2925 1524 2990 urerctriciltus

349 3022 548 3103 praecepisse
564 3031 600 3083 ut
616 3030 768 3084 sanctum
787 3021 896 3082 virum
912 3023 953 3084 ad
968 3023 1097 3102 lapsum
1111 3023 1290 3086 inclinaret
1307 3043 1314 3084 :
1334 3049 1347 3080 α
1365 3025 1452 3104 quod
1468 3024 1525 3084 ubi

350 3118 409 3180 illa
430 3120 608 3193 secretius,
627 3119 883 3190 convenientius
902 3128 933 3181 et
953 3120 1156 3184 malitiosius
1176 3123 1368 3195 attentavit,
1386 3121 1472 3183 clam
1489 3120 1524 3181 in

351 3218 487 3280 insidiis
502 3219 702 3295 imperatore
716 3216 957 3294 cumpluribus
972 3226 1161 3292 contuente,
1178 3220 1229 3280 vir
1244 3219 1372 3292 heatus
1390 3238 1525 3280 marmur

352 3317 485 3391 crigens
505 3315 541 3374 in
563 3315 721 3388 sublimi,
737 3316 948 3374 meretricem
968 3315 1004 3374 iu
1026 3315 1195 3375 maxillam
1217 3335 1292 3376 cum
1310 3317 1432 3377 virtute
1452 3335 1527 3393 per-

351 3411 474 3483 cussit,
496 3418 527 3472 et
544 3411 629 3471 facie
647 3419 743 3471 tcnrrs
759 3411 794 3469 in
812 3419 933 3471 terram
950 3411 1051 3472 elisit.
1075 3435 1088 3466 ι
1107 3412 1238 3472 Placuit
1252 3430 1306 3474 res
1321 3411 1525 3490 imperatori,

352 3507 409 3586 qui
426 3506 593 3570 iohannis
609 3508 832 3568 constantiam
848 3507 1043 3580 admiratus
1061 3508 1185 3589 majore
1203 3509 1325 3570 dehinc
1340 3527 1415 3571 eum
1433 3526 1528 3570 revc-

352 3603 461 3665 rentia
478 3603 622 3665 coluisse
639 3603 762 3664 dicitur
776 3606 798 3666 ⁴.

393 3703 434 3762 Et
452 3702 601 3779 profecto
621 3700 715 3762 miris
737 3700 907 3764 illecebris
929 3702 1016 3780 apud
1033 3702 1155 3765 multos
1169 3703 1314 3782 pollebat
1329 3703 1528 3765 metuendus

352 3799 410 3862 ille
425 3797 581 3860 Ecclesiae
596 3799 788 3872 insectator,
802 3818 900 3879 quem
916 3800 1120 3878 frequenter,
1135 3801 1235 3862 etiam
1249 3802 1359 3874 inviti,
1371 3800 1529 3863 latrdave-

353 3905 431 3958 runt
457 3897 515 3976 qui
542 3896 692 3958 adversis
717 3897 868 3974 partibus
893 3896 1117 3958 adluurehant.
1143 3900 1168 3959 Ε
1195 3900 1318 3978 quibus
1344 3917 1432 3960 rinus
1459 3907 1529 3961 crat

354 3996 499 4058 Thomas
524 3995 811 4073 Cantipratcnsis,
836 4013 911 4056 cunr
937 3995 1109 4060 Willolnro
1131 3997 1317 4058 llollandite
1339 3997 1469 4070 corrriti,
1493 3997 1528 4056 in

355 4097 584 4158 Romanorum
607 4110 720 4172 regem
744 4091 848 4155 electo
870 4093 1105 4174 Fredericique
1125 4095 1242 4158 rcnmlo
1265 4104 1377 4175 aperte
1395 4096 1528 4158 faverit.

354 4195 450 4256 Patet
472 4192 563 4254 enim
584 4209 661 4254 eum
686 4210 774 4254 anno
795 4191 923 4255 Christi
940 4192 1126 4270 MCCLIII,
1153 4212 1190 4256 eo
1210 4194 1365 4257 videlicet
1383 4201 1530 4273 tempore

356 4309 422 4373 quo
452 4290 675 4354 Flandrenses
702 4309 721 4352 a
749 4289 936 4366 Florentio,
965 4291 1130 4354 Willelmi
1151 4293 1269 4367 fratre,
1295 4293 1332 4354 in
1359 4291 1531 4357 Walacria

385 4570 409 4699 i.
426 4568 611 4699 'elicii'i'uffi't
627 4648 814 4698 scismaticum
827 4665 840 4695 a
856 4647 943 4698 fuisso
958 4647 1061 4698 dixerit
1072 4648 1118 4710 (ΙΙ,
1133 4660 1175 4708 ιιι,
1190 4649 1223 4710 9).

387 4731 409 4780 3.
426 4729 448 4787 1,
463 4739 512 4788 xx,
530 4728 566 4780 tc.

387 4807 411 4857 l.
428 4806 465 4870 11,
479 4818 548 4870 xxx,
561 4806 600 4856 43.
