<?xml version="1.0" encoding="UTF-8"?>
<!DOCTYPE html PUBLIC "-//W3C//DTD XHTML 1.0 Transitional//EN"
    "http://www.w3.org/TR/xhtml1/DTD/xhtml1-transitional.dtd">
<html xmlns="http://www.w3.org/1999/xhtml" xml:lang="en" lang="en">
 <head>
  <title>
</title>
<meta http-equiv="Content-Type" content="text/html;charset=utf-8" />
  <meta name='ocr-system' content='tesseract 3.04.00' />
  <meta name='ocr-capabilities' content='ocr_page ocr_carea ocr_par ocr_line ocrx_word'/>
</head>
<body>
  <div class='ocr_page' id='page_1' title='image "./thomaecantiprat00berggoog_0030.png"; bbox 0 0 3644 5450; ppageno 0'>
   <div class='ocr_carea' id='block_1_1' title="bbox 911 835 965 910">
    <p class='ocr_par' dir='ltr' id='par_1_1' title="bbox 911 835 965 910">
     <span class='ocr_line' id='line_1_1' title="bbox 911 835 965 910; baseline 0 0"><span class='ocrx_word' id='word_1_1' title='bbox 911 835 965 910; x_wconf 85' lang='grc' dir='ltr'>ΙΙΙ</span> 
     </span>
    </p>
   </div>
   <div class='ocr_carea' id='block_1_2' title="bbox 441 1101 1425 1287">
    <p class='ocr_par' dir='ltr' id='par_1_2' title="bbox 441 1101 1425 1287">
     <span class='ocr_line' id='line_1_2' title="bbox 441 1101 1425 1171; baseline 0.001 -10"><span class='ocrx_word' id='word_1_2' title='bbox 441 1102 582 1161; x_wconf 86' lang='lat' dir='ltr'><strong>BONUM</strong></span> <span class='ocrx_word' id='word_1_3' title='bbox 609 1101 858 1161; x_wconf 76' lang='lat' dir='ltr'>uuivnnsatn</span> <span class='ocrx_word' id='word_1_4' title='bbox 884 1103 936 1160; x_wconf 83' lang='lat' dir='ltr'>DE</span> <span class='ocrx_word' id='word_1_5' title='bbox 963 1102 1103 1161; x_wconf 83' lang='lat' dir='ltr'>APlBUS</span> <span class='ocrx_word' id='word_1_6' title='bbox 1131 1103 1211 1171; x_wconf 82' lang='lat' dir='ltr'>Quo</span> <span class='ocrx_word' id='word_1_7' title='bbox 1239 1105 1425 1163; x_wconf 83' lang='lat' dir='ltr'><strong>TEMPORE</strong></span> 
     </span>
     <span class='ocr_line' id='line_1_3' title="bbox 785 1227 1083 1287; baseline -0.003 -1"><span class='ocrx_word' id='word_1_8' title='bbox 785 1228 980 1286; x_wconf 85' lang='lat' dir='ltr'>SCRIPTUM</span> <span class='ocrx_word' id='word_1_9' title='bbox 1008 1227 1083 1287; x_wconf 78' lang='lat' dir='ltr'>sir.</span> 
     </span>
    </p>
   </div>
   <div class='ocr_carea' id='block_1_3' title="bbox 346 1509 1525 2457">
    <p class='ocr_par' dir='ltr' id='par_1_3' title="bbox 346 1509 1525 2457">
     <span class='ocr_line' id='line_1_4' title="bbox 389 1509 1523 1591; baseline 0 -17"><span class='ocrx_word' id='word_1_10' title='bbox 389 1511 507 1575; x_wconf 86' lang='lat' dir='ltr'>Libros</span> <span class='ocrx_word' id='word_1_11' title='bbox 524 1535 538 1568; x_wconf 75' lang='grc' dir='ltr'><strong>α</strong></span> <span class='ocrx_word' id='word_1_12' title='bbox 555 1511 596 1575; x_wconf 93' lang='lat' dir='ltr'>de</span> <span class='ocrx_word' id='word_1_13' title='bbox 609 1509 757 1591; x_wconf 88' lang='lat' dir='ltr'>praelatis</span> <span class='ocrx_word' id='word_1_14' title='bbox 772 1517 804 1574; x_wconf 90' lang='lat' dir='ltr'>et</span> <span class='ocrx_word' id='word_1_15' title='bbox 823 1509 994 1573; x_wconf 75' lang='lat' dir='ltr'>subditis»</span> <span class='ocrx_word' id='word_1_16' title='bbox 1010 1509 1155 1573; x_wconf 81' lang='lat' dir='ltr'><strong>Thomas</strong></span> <span class='ocrx_word' id='word_1_17' title='bbox 1170 1510 1440 1590; x_wconf 86' lang='lat' dir='ltr'>Cantipratensis</span> <span class='ocrx_word' id='word_1_18' title='bbox 1455 1530 1523 1575; x_wconf 89' lang='lat' dir='ltr'>non</span> 
     </span>
     <span class='ocr_line' id='line_1_5' title="bbox 347 1608 1524 1690; baseline -0.001 -17"><span class='ocrx_word' id='word_1_19' title='bbox 347 1610 443 1674; x_wconf 92' lang='lat' dir='ltr'>modo</span> <span class='ocrx_word' id='word_1_20' title='bbox 460 1617 577 1690; x_wconf 89' lang='lat' dir='ltr'>sponte</span> <span class='ocrx_word' id='word_1_21' title='bbox 591 1628 669 1685; x_wconf 89' lang='lat' dir='ltr'>sua,</span> <span class='ocrx_word' id='word_1_22' title='bbox 686 1608 789 1671; x_wconf 89' lang='lat' dir='ltr'>immo</span> <span class='ocrx_word' id='word_1_23' title='bbox 806 1615 944 1688; x_wconf 81' lang='lat' dir='ltr'>rogante</span> <span class='ocrx_word' id='word_1_24' title='bbox 960 1609 1065 1672; x_wconf 83' lang='lat' dir='ltr'>fratre</span> <span class='ocrx_word' id='word_1_25' title='bbox 1080 1608 1277 1682; x_wconf 88' lang='lat' dir='ltr'>Humberto,</span> <span class='ocrx_word' id='word_1_26' title='bbox 1293 1609 1454 1688; x_wconf 86' lang='lat' dir='ltr'>magistro</span> <span class='ocrx_word' id='word_1_27' title='bbox 1469 1629 1524 1673; x_wconf 91' lang='lat' dir='ltr'>or-</span> 
     </span>
     <span class='ocr_line' id='line_1_6' title="bbox 346 1707 1523 1792; baseline -0.002 -20"><span class='ocrx_word' id='word_1_28' title='bbox 346 1709 436 1792; x_wconf 90' lang='lat' dir='ltr'>dinis</span> <span class='ocrx_word' id='word_1_29' title='bbox 451 1709 728 1784; x_wconf 69' lang='lat' dir='ltr'>Praedicatorum,</span> <span class='ocrx_word' id='word_1_30' title='bbox 749 1707 961 1772; x_wconf 81' lang='lat' dir='ltr'><strong>conscribere</strong></span> <span class='ocrx_word' id='word_1_31' title='bbox 977 1725 1155 1786; x_wconf 78' lang='lat' dir='ltr'>aggressus</span> <span class='ocrx_word' id='word_1_32' title='bbox 1178 1715 1244 1784; x_wconf 87' lang='lat' dir='ltr'>est;</span> <span class='ocrx_word' id='word_1_33' title='bbox 1261 1708 1301 1771; x_wconf 90' lang='lat' dir='ltr'>de</span> <span class='ocrx_word' id='word_1_34' title='bbox 1317 1727 1383 1790; x_wconf 91' lang='lat' dir='ltr'>quo</span> <span class='ocrx_word' id='word_1_35' title='bbox 1397 1708 1470 1788; x_wconf 91' lang='lat' dir='ltr'>ipsc</span> <span class='ocrx_word' id='word_1_36' title='bbox 1487 1708 1523 1771; x_wconf 90' lang='lat' dir='ltr'>in</span> 
     </span>
     <span class='ocr_line' id='line_1_7' title="bbox 347 1806 1523 1890; baseline 0 -18"><span class='ocrx_word' id='word_1_37' title='bbox 347 1809 491 1889; x_wconf 89' lang='lat' dir='ltr'>epistula</span> <span class='ocrx_word' id='word_1_38' title='bbox 504 1809 644 1890; x_wconf 85' lang='lat' dir='ltr'>praevia,</span> <span class='ocrx_word' id='word_1_39' title='bbox 664 1809 706 1872; x_wconf 89' lang='lat' dir='ltr'>ad</span> <span class='ocrx_word' id='word_1_40' title='bbox 726 1808 950 1872; x_wconf 88' lang='lat' dir='ltr'>Humbertum</span> <span class='ocrx_word' id='word_1_41' title='bbox 968 1806 1111 1882; x_wconf 83' lang='lat' dir='ltr'>directa,</span> <span class='ocrx_word' id='word_1_42' title='bbox 1128 1806 1259 1871; x_wconf 90' lang='lat' dir='ltr'>locutus</span> <span class='ocrx_word' id='word_1_43' title='bbox 1279 1819 1330 1872; x_wconf 90' lang='lat' dir='ltr'>est</span> <span class='ocrx_word' id='word_1_44' title='bbox 1347 1829 1354 1869; x_wconf 75' lang='grc' dir='ltr'>ε</span> <span class='ocrx_word' id='word_1_45' title='bbox 1371 1834 1385 1866; x_wconf 75' lang='lat' dir='ltr'>a</span> <span class='ocrx_word' id='word_1_46' title='bbox 1403 1810 1443 1872; x_wconf 84' lang='lat' dir='ltr'>Et</span> <span class='ocrx_word' id='word_1_47' title='bbox 1463 1827 1523 1888; x_wconf 89' lang='lat' dir='ltr'>ego</span> 
     </span>
     <span class='ocr_line' id='line_1_8' title="bbox 347 1905 1523 1989; baseline -0.001 -20"><span class='ocrx_word' id='word_1_48' title='bbox 347 1908 483 1989; x_wconf 89' lang='lat' dir='ltr'>quidem</span> <span class='ocrx_word' id='word_1_49' title='bbox 509 1908 671 1986; x_wconf 90' lang='lat' dir='ltr'>indignus</span> <span class='ocrx_word' id='word_1_50' title='bbox 697 1926 736 1970; x_wconf 86' lang='lat' dir='ltr'>ex</span> <span class='ocrx_word' id='word_1_51' title='bbox 764 1905 920 1968; x_wconf 88' lang='lat' dir='ltr'>mandato</span> <span class='ocrx_word' id='word_1_52' title='bbox 947 1912 1058 1969; x_wconf 84' lang='lat' dir='ltr'>vestro</span> <span class='ocrx_word' id='word_1_53' title='bbox 1081 1906 1183 1987; x_wconf 90' lang='lat' dir='ltr'>hujus</span> <span class='ocrx_word' id='word_1_54' title='bbox 1213 1907 1324 1986; x_wconf 90' lang='lat' dir='ltr'>operis</span> <span class='ocrx_word' id='word_1_55' title='bbox 1348 1906 1523 1969; x_wconf 83' lang='lat' dir='ltr'>audaciam</span> 
     </span>
     <span class='ocr_line' id='line_1_9' title="bbox 347 2001 1523 2085; baseline -0.003 -16"><span class='ocrx_word' id='word_1_56' title='bbox 347 2005 492 2085; x_wconf 87' lang='lat' dir='ltr'>sumpsi,</span> <span class='ocrx_word' id='word_1_57' title='bbox 509 2023 585 2068; x_wconf 90' lang='lat' dir='ltr'>cum</span> <span class='ocrx_word' id='word_1_58' title='bbox 599 2004 635 2065; x_wconf 92' lang='lat' dir='ltr'>in</span> <span class='ocrx_word' id='word_1_59' title='bbox 651 2002 796 2084; x_wconf 88' lang='lat' dir='ltr'>quodam</span> <span class='ocrx_word' id='word_1_60' title='bbox 813 2001 959 2081; x_wconf 90' lang='lat' dir='ltr'>capitulo</span> <span class='ocrx_word' id='word_1_61' title='bbox 975 2002 1124 2080; x_wconf 89' lang='lat' dir='ltr'>generali</span> <span class='ocrx_word' id='word_1_62' title='bbox 1144 2002 1307 2066; x_wconf 86' lang='lat' dir='ltr'>iratribus</span> <span class='ocrx_word' id='word_1_63' title='bbox 1324 2003 1523 2066; x_wconf 88' lang='lat' dir='ltr'>demandas-</span> 
     </span>
     <span class='ocr_line' id='line_1_10' title="bbox 348 2100 1524 2179; baseline -0.003 -15"><span class='ocrx_word' id='word_1_64' title='bbox 348 2103 402 2176; x_wconf 91' lang='lat' dir='ltr'>tis,</span> <span class='ocrx_word' id='word_1_65' title='bbox 419 2111 456 2164; x_wconf 92' lang='lat' dir='ltr'>ut</span> <span class='ocrx_word' id='word_1_66' title='bbox 470 2102 505 2164; x_wconf 92' lang='lat' dir='ltr'>in</span> <span class='ocrx_word' id='word_1_67' title='bbox 519 2101 663 2178; x_wconf 83' lang='lat' dir='ltr'>singulis</span> <span class='ocrx_word' id='word_1_68' title='bbox 674 2100 857 2179; x_wconf 87' lang='lat' dir='ltr'>provinciis</span> <span class='ocrx_word' id='word_1_69' title='bbox 870 2101 972 2176; x_wconf 86' lang='lat' dir='ltr'>digna</span> <span class='ocrx_word' id='word_1_70' title='bbox 984 2101 1152 2161; x_wconf 82' lang='lat' dir='ltr'>memoriru</span> <span class='ocrx_word' id='word_1_71' title='bbox 1168 2100 1407 2173; x_wconf 76' lang='lat' dir='ltr'>scriberentur,</span> <span class='ocrx_word' id='word_1_72' title='bbox 1421 2101 1450 2162; x_wconf 91' lang='lat' dir='ltr'>si</span> <span class='ocrx_word' id='word_1_73' title='bbox 1466 2119 1524 2178; x_wconf 91' lang='lat' dir='ltr'>per</span> 
     </span>
     <span class='ocr_line' id='line_1_11' title="bbox 346 2195 1525 2273; baseline -0.003 -13"><span class='ocrx_word' id='word_1_74' title='bbox 346 2199 485 2273; x_wconf 84' lang='lat' dir='ltr'>iratres,</span> <span class='ocrx_word' id='word_1_75' title='bbox 504 2198 558 2262; x_wconf 86' lang='lat' dir='ltr'>vel</span> <span class='ocrx_word' id='word_1_76' title='bbox 574 2197 749 2260; x_wconf 87' lang='lat' dir='ltr'>occasione</span> <span class='ocrx_word' id='word_1_77' title='bbox 764 2198 924 2271; x_wconf 84' lang='lat' dir='ltr'>fratrum,</span> <span class='ocrx_word' id='word_1_78' title='bbox 942 2195 1014 2258; x_wconf 90' lang='lat' dir='ltr'>sive</span> <span class='ocrx_word' id='word_1_79' title='bbox 1029 2195 1114 2258; x_wconf 88' lang='lat' dir='ltr'>alias</span> <span class='ocrx_word' id='word_1_80' title='bbox 1134 2203 1212 2258; x_wconf 91' lang='lat' dir='ltr'>nota</span> <span class='ocrx_word' id='word_1_81' title='bbox 1232 2196 1395 2259; x_wconf 88' lang='lat' dir='ltr'>iratribus</span> <span class='ocrx_word' id='word_1_82' title='bbox 1416 2197 1525 2259; x_wconf 91' lang='lat' dir='ltr'>conti-</span> 
     </span>
     <span class='ocr_line' id='line_1_12' title="bbox 347 2293 1525 2376; baseline -0.001 -19"><span class='ocrx_word' id='word_1_83' title='bbox 347 2295 475 2376; x_wconf 87' lang='lat' dir='ltr'>gissent</span> <span class='ocrx_word' id='word_1_84' title='bbox 489 2302 510 2356; x_wconf 87' lang='lat'>¹.</span> <span class='ocrx_word' id='word_1_85' title='bbox 536 2320 550 2352; x_wconf 67' lang='lat' dir='ltr'>a</span> <span class='ocrx_word' id='word_1_86' title='bbox 574 2294 669 2359; x_wconf 81' lang='lat' dir='ltr'>Istud</span> <span class='ocrx_word' id='word_1_87' title='bbox 689 2301 802 2358; x_wconf 91' lang='lat' dir='ltr'>autem</span> <span class='ocrx_word' id='word_1_88' title='bbox 823 2293 953 2357; x_wconf 89' lang='lat' dir='ltr'>ordinis</span> <span class='ocrx_word' id='word_1_89' title='bbox 974 2293 1235 2357; x_wconf 83' lang='lat' dir='ltr'>Praedicatorum</span> <span class='ocrx_word' id='word_1_90' title='bbox 1255 2293 1411 2372; x_wconf 86' lang='lat' dir='ltr'>generale</span> <span class='ocrx_word' id='word_1_91' title='bbox 1432 2295 1525 2375; x_wconf 88' lang='lat' dir='ltr'>capi-</span> 
     </span>
     <span class='ocr_line' id='line_1_13' title="bbox 346 2381 1525 2457; baseline -0.001 -1"><span class='ocrx_word' id='word_1_92' title='bbox 346 2393 453 2457; x_wconf 90' lang='lat' dir='ltr'>tulum</span> <span class='ocrx_word' id='word_1_93' title='bbox 480 2393 620 2457; x_wconf 72' lang='lat' dir='ltr'>Lutetiae</span> <span class='ocrx_word' id='word_1_94' title='bbox 643 2392 853 2457; x_wconf 90' lang='lat' dir='ltr'>Parisiorum</span> <span class='ocrx_word' id='word_1_95' title='bbox 876 2409 964 2454; x_wconf 91' lang='lat' dir='ltr'>anno</span> <span class='ocrx_word' id='word_1_96' title='bbox 985 2390 1114 2456; x_wconf 87' lang='lat' dir='ltr'>Christi</span> <span class='ocrx_word' id='word_1_97' title='bbox 1135 2392 1299 2457; x_wconf 85' lang='lat' dir='ltr'>MCCLVI</span> <span class='ocrx_word' id='word_1_98' title='bbox 1321 2381 1525 2456; x_wconf 85' lang='lat' dir='ltr'>celebratum</span> 
     </span>
    </p>
   </div>
   <div class='ocr_carea' id='block_1_4' title="bbox 348 2498 1525 2669">
    <p class='ocr_par' dir='ltr' id='par_1_4' title="bbox 348 2498 1525 2669">
     <span class='ocr_line' id='line_1_14' title="bbox 348 2498 434 2556; baseline -0.035 0"><span class='ocrx_word' id='word_1_99' title='bbox 348 2499 398 2556; x_wconf 86' lang='lat' dir='ltr'>est</span> <span class='ocrx_word' id='word_1_100' title='bbox 410 2498 434 2553; x_wconf 79' lang='lat'>².</span> 
     </span>
     <span class='ocr_line' id='line_1_15' title="bbox 387 2586 1525 2669; baseline -0.001 -17"><span class='ocrx_word' id='word_1_101' title='bbox 387 2591 459 2652; x_wconf 84' lang='lat' dir='ltr'>lloc</span> <span class='ocrx_word' id='word_1_102' title='bbox 473 2588 627 2668; x_wconf 87' lang='lat' dir='ltr'>magistri</span> <span class='ocrx_word' id='word_1_103' title='bbox 652 2588 705 2652; x_wconf 90' lang='lat' dir='ltr'>sui</span> <span class='ocrx_word' id='word_1_104' title='bbox 722 2587 879 2651; x_wconf 91' lang='lat' dir='ltr'>mandato</span> <span class='ocrx_word' id='word_1_105' title='bbox 896 2586 1089 2650; x_wconf 89' lang='lat' dir='ltr'>stimulatus</span> <span class='ocrx_word' id='word_1_106' title='bbox 1107 2586 1251 2650; x_wconf 87' lang='lat' dir='ltr'>Thomas</span> <span class='ocrx_word' id='word_1_107' title='bbox 1273 2606 1411 2651; x_wconf 90' lang='lat' dir='ltr'>manum</span> <span class='ocrx_word' id='word_1_108' title='bbox 1432 2589 1525 2669; x_wconf 92' lang='lat' dir='ltr'>operi</span> 
     </span>
    </p>
   </div>
   <div class='ocr_carea' id='block_1_5' title="bbox 346 2685 1527 3552">
    <p class='ocr_par' dir='ltr' id='par_1_5' title="bbox 346 2685 1527 3552">
     <span class='ocr_line' id='line_1_16' title="bbox 346 2685 1525 2769; baseline -0.002 -20"><span class='ocrx_word' id='word_1_109' title='bbox 346 2706 414 2750; x_wconf 91' lang='lat' dir='ltr'>non</span> <span class='ocrx_word' id='word_1_110' title='bbox 434 2687 582 2766; x_wconf 85' lang='lat' dir='ltr'>segniter</span> <span class='ocrx_word' id='word_1_111' title='bbox 600 2685 733 2769; x_wconf 89' lang='lat' dir='ltr'>injecit;</span> <span class='ocrx_word' id='word_1_112' title='bbox 750 2685 806 2748; x_wconf 81' lang='lat' dir='ltr'>vix</span> <span class='ocrx_word' id='word_1_113' title='bbox 827 2687 919 2749; x_wconf 92' lang='lat' dir='ltr'>enim</span> <span class='ocrx_word' id='word_1_114' title='bbox 936 2692 1011 2765; x_wconf 90' lang='lat' dir='ltr'>post</span> <span class='ocrx_word' id='word_1_115' title='bbox 1028 2685 1212 2766; x_wconf 89' lang='lat' dir='ltr'>capitulum</span> <span class='ocrx_word' id='word_1_116' title='bbox 1232 2685 1426 2750; x_wconf 90' lang='lat' dir='ltr'>Parisiense</span> <span class='ocrx_word' id='word_1_117' title='bbox 1443 2686 1525 2748; x_wconf 90' lang='lat' dir='ltr'>anni</span> 
     </span>
     <span class='ocr_line' id='line_1_17' title="bbox 346 2783 1524 2864; baseline -0.003 -16"><span class='ocrx_word' id='word_1_118' title='bbox 346 2786 411 2849; x_wconf 91' lang='lat' dir='ltr'>duo</span> <span class='ocrx_word' id='word_1_119' title='bbox 426 2786 638 2859; x_wconf 84' lang='lat' dir='ltr'>effluxerant,</span> <span class='ocrx_word' id='word_1_120' title='bbox 655 2802 731 2847; x_wconf 92' lang='lat' dir='ltr'>cum</span> <span class='ocrx_word' id='word_1_121' title='bbox 747 2783 898 2864; x_wconf 86' lang='lat' dir='ltr'>exempla</span> <span class='ocrx_word' id='word_1_122' title='bbox 915 2783 1039 2846; x_wconf 90' lang='lat' dir='ltr'>librum</span> <span class='ocrx_word' id='word_1_123' title='bbox 1060 2801 1158 2846; x_wconf 91' lang='lat' dir='ltr'>suum</span> <span class='ocrx_word' id='word_1_124' title='bbox 1179 2783 1391 2847; x_wconf 90' lang='lat' dir='ltr'>illustratura</span> <span class='ocrx_word' id='word_1_125' title='bbox 1408 2791 1524 2848; x_wconf 91' lang='lat' dir='ltr'>ettam</span> 
     </span>
     <span class='ocr_line' id='line_1_18' title="bbox 347 2882 1525 2964; baseline -0.003 -17"><span class='ocrx_word' id='word_1_126' title='bbox 347 2902 386 2947; x_wconf 84' lang='lat' dir='ltr'>ex</span> <span class='ocrx_word' id='word_1_127' title='bbox 411 2883 456 2946; x_wconf 92' lang='lat' dir='ltr'>iis</span> <span class='ocrx_word' id='word_1_128' title='bbox 482 2902 625 2964; x_wconf 88' lang='lat' dir='ltr'>quorum</span> <span class='ocrx_word' id='word_1_129' title='bbox 650 2883 748 2946; x_wconf 89' lang='lat' dir='ltr'>testis</span> <span class='ocrx_word' id='word_1_130' title='bbox 772 2882 882 2946; x_wconf 88' lang='lat' dir='ltr'>iuerat</span> <span class='ocrx_word' id='word_1_131' title='bbox 908 2901 1010 2962; x_wconf 89' lang='lat' dir='ltr'>quam</span> <span class='ocrx_word' id='word_1_132' title='bbox 1036 2901 1075 2944; x_wconf 84' lang='lat' dir='ltr'>ex</span> <span class='ocrx_word' id='word_1_133' title='bbox 1101 2883 1354 2946; x_wconf 88' lang='lat' dir='ltr'>narrationibus</span> <span class='ocrx_word' id='word_1_134' title='bbox 1380 2882 1525 2946; x_wconf 86' lang='lat' dir='ltr'>aliorum</span> 
     </span>
     <span class='ocr_line' id='line_1_19' title="bbox 347 2981 1526 3064; baseline -0.002 -20"><span class='ocrx_word' id='word_1_135' title='bbox 347 2982 532 3064; x_wconf 87' lang='lat' dir='ltr'>desumpta,</span> <span class='ocrx_word' id='word_1_136' title='bbox 552 2981 586 3044; x_wconf 91' lang='lat' dir='ltr'>in</span> <span class='ocrx_word' id='word_1_137' title='bbox 608 2982 770 3062; x_wconf 88' lang='lat' dir='ltr'>scriptum</span> <span class='ocrx_word' id='word_1_138' title='bbox 785 2982 937 3061; x_wconf 88' lang='lat' dir='ltr'>redigere</span> <span class='ocrx_word' id='word_1_139' title='bbox 953 2981 1061 3060; x_wconf 85' lang='lat' dir='ltr'>coepit.</span> <span class='ocrx_word' id='word_1_140' title='bbox 1086 2981 1181 3056; x_wconf 80' lang='lat' dir='ltr'>erod</span> <span class='ocrx_word' id='word_1_141' title='bbox 1201 2981 1336 3061; x_wconf 89' lang='lat' dir='ltr'>quidem</span> <span class='ocrx_word' id='word_1_142' title='bbox 1356 2981 1427 3062; x_wconf 92' lang='lat' dir='ltr'>ejus</span> <span class='ocrx_word' id='word_1_143' title='bbox 1450 2998 1526 3044; x_wconf 85' lang='lat' dir='ltr'>ver-</span> 
     </span>
     <span class='ocr_line' id='line_1_20' title="bbox 347 3079 1526 3159; baseline 0 -18"><span class='ocrx_word' id='word_1_144' title='bbox 347 3080 399 3144; x_wconf 91' lang='lat' dir='ltr'>bis</span> <span class='ocrx_word' id='word_1_145' title='bbox 415 3081 621 3144; x_wconf 87' lang='lat' dir='ltr'>sufficienter</span> <span class='ocrx_word' id='word_1_146' title='bbox 636 3081 901 3144; x_wconf 87' lang='lat' dir='ltr'>demonstratum</span> <span class='ocrx_word' id='word_1_147' title='bbox 919 3098 993 3142; x_wconf 90' lang='lat' dir='ltr'>csse</span> <span class='ocrx_word' id='word_1_148' title='bbox 1009 3079 1152 3153; x_wconf 89' lang='lat' dir='ltr'>videtur,</span> <span class='ocrx_word' id='word_1_149' title='bbox 1171 3097 1248 3141; x_wconf 91' lang='lat' dir='ltr'>curn</span> <span class='ocrx_word' id='word_1_150' title='bbox 1266 3080 1430 3159; x_wconf 89' lang='lat' dir='ltr'>quasdam</span> <span class='ocrx_word' id='word_1_151' title='bbox 1444 3079 1526 3141; x_wconf 92' lang='lat' dir='ltr'>cho·</span> 
     </span>
     <span class='ocr_line' id='line_1_21' title="bbox 346 3176 1525 3258; baseline 0 -18"><span class='ocrx_word' id='word_1_152' title='bbox 346 3197 423 3242; x_wconf 88' lang='lat' dir='ltr'>reas</span> <span class='ocrx_word' id='word_1_153' title='bbox 449 3179 618 3242; x_wconf 72' lang='lat' dir='ltr'>memoriae</span> <span class='ocrx_word' id='word_1_154' title='bbox 644 3178 796 3253; x_wconf 90' lang='lat' dir='ltr'>tradens,</span> <span class='ocrx_word' id='word_1_155' title='bbox 820 3196 904 3258; x_wconf 87' lang='lat' dir='ltr'>quas</span> <span class='ocrx_word' id='word_1_156' title='bbox 920 3176 1086 3240; x_wconf 73' lang='lat' dir='ltr'>daemones</span> <span class='ocrx_word' id='word_1_157' title='bbox 1106 3176 1197 3239; x_wconf 92' lang='lat' dir='ltr'>baud</span> <span class='ocrx_word' id='word_1_158' title='bbox 1215 3177 1331 3256; x_wconf 92' lang='lat' dir='ltr'>procul</span> <span class='ocrx_word' id='word_1_159' title='bbox 1351 3176 1525 3241; x_wconf 87' lang='lat' dir='ltr'>aColonia</span> 
     </span>
     <span class='ocr_line' id='line_1_22' title="bbox 348 3275 1524 3357; baseline 0.001 -18"><span class='ocrx_word' id='word_1_160' title='bbox 348 3276 533 3357; x_wconf 83' lang='lat' dir='ltr'>Agrippina</span> <span class='ocrx_word' id='word_1_161' title='bbox 548 3277 657 3356; x_wconf 86' lang='lat' dir='ltr'>egisse</span> <span class='ocrx_word' id='word_1_162' title='bbox 672 3277 881 3351; x_wconf 83' lang='lat' dir='ltr'>dicebantur,</span> <span class='ocrx_word' id='word_1_163' title='bbox 898 3276 933 3337; x_wconf 92' lang='lat' dir='ltr'>id</span> <span class='ocrx_word' id='word_1_164' title='bbox 950 3300 963 3332; x_wconf 70' lang='lat' dir='ltr'>a</span> <span class='ocrx_word' id='word_1_165' title='bbox 982 3293 1070 3339; x_wconf 89' lang='lat' dir='ltr'>anno</span> <span class='ocrx_word' id='word_1_166' title='bbox 1082 3275 1240 3356; x_wconf 79' lang='lat' dir='ltr'>praesenti</span> <span class='ocrx_word' id='word_1_167' title='bbox 1255 3276 1494 3341; x_wconf 85' lang='lat' dir='ltr'>M⁰CG⁰LVlll⁰</span> <span class='ocrx_word' id='word_1_168' title='bbox 1510 3301 1524 3332; x_wconf 74' lang='lat' dir='ltr'>u</span> 
     </span>
     <span class='ocr_line' id='line_1_23' title="bbox 350 3365 1527 3454; baseline 0.001 -18"><span class='ocrx_word' id='word_1_169' title='bbox 350 3375 476 3437; x_wconf 88' lang='lat' dir='ltr'>iactum</span> <span class='ocrx_word' id='word_1_170' title='bbox 494 3393 568 3438; x_wconf 87' lang='lat' dir='ltr'>esse</span> <span class='ocrx_word' id='word_1_171' title='bbox 590 3381 720 3438; x_wconf 89' lang='lat' dir='ltr'>asserat</span> <span class='ocrx_word' id='word_1_172' title='bbox 733 3365 756 3435; x_wconf 83' lang='lat'>³.</span> <span class='ocrx_word' id='word_1_173' title='bbox 779 3376 877 3438; x_wconf 92' lang='lat' dir='ltr'>Patet</span> <span class='ocrx_word' id='word_1_174' title='bbox 894 3380 1055 3453; x_wconf 74' lang='lat' dir='ltr'>praeterea</span> <span class='ocrx_word' id='word_1_175' title='bbox 1075 3391 1152 3435; x_wconf 93' lang='lat' dir='ltr'>eum</span> <span class='ocrx_word' id='word_1_176' title='bbox 1174 3391 1241 3435; x_wconf 92' lang='lat' dir='ltr'>non</span> <span class='ocrx_word' id='word_1_177' title='bbox 1263 3373 1356 3436; x_wconf 88' lang='lat' dir='ltr'>brevi</span> <span class='ocrx_word' id='word_1_178' title='bbox 1379 3381 1527 3454; x_wconf 90' lang='lat' dir='ltr'>tempore</span> 
     </span>
     <span class='ocr_line' id='line_1_24' title="bbox 350 3470 1526 3552; baseline -0.003 -17"><span class='ocrx_word' id='word_1_179' title='bbox 350 3473 577 3552; x_wconf 90' lang='lat' dir='ltr'>componendo</span> <span class='ocrx_word' id='word_1_180' title='bbox 589 3471 677 3535; x_wconf 87' lang='lat' dir='ltr'>libro</span> <span class='ocrx_word' id='word_1_181' title='bbox 692 3470 909 3546; x_wconf 88' lang='lat' dir='ltr'>incubuisse,</span> <span class='ocrx_word' id='word_1_182' title='bbox 927 3471 1000 3550; x_wconf 91' lang='lat' dir='ltr'>ipso</span> <span class='ocrx_word' id='word_1_183' title='bbox 1016 3470 1143 3533; x_wconf 90' lang='lat' dir='ltr'>Thoma</span> <span class='ocrx_word' id='word_1_184' title='bbox 1161 3478 1245 3535; x_wconf 89' lang='lat' dir='ltr'>teste</span> <span class='ocrx_word' id='word_1_185' title='bbox 1264 3491 1271 3530; x_wconf 95' lang='lat'>:</span> <span class='ocrx_word' id='word_1_186' title='bbox 1293 3495 1306 3527; x_wconf 71' lang='lat' dir='ltr'>a</span> <span class='ocrx_word' id='word_1_187' title='bbox 1324 3471 1526 3535; x_wconf 91' lang='lat' dir='ltr'>miraculum</span> 
     </span>
    </p>
   </div>
   <div class='ocr_carea' id='block_1_6' title="bbox 348 3569 1527 3733">
    <p class='ocr_par' dir='ltr' id='par_1_6' title="bbox 348 3569 1527 3733">
     <span class='ocr_line' id='line_1_25' title="bbox 348 3569 1527 3651; baseline 0.001 -18"><span class='ocrx_word' id='word_1_188' title='bbox 348 3572 493 3634; x_wconf 85' lang='lat' dir='ltr'>reseram</span> <span class='ocrx_word' id='word_1_189' title='bbox 514 3570 784 3646; x_wconf 88' lang='lat' dir='ltr'>celeberrimum,</span> <span class='ocrx_word' id='word_1_190' title='bbox 807 3570 896 3651; x_wconf 86' lang='lat' dir='ltr'>quod</span> <span class='ocrx_word' id='word_1_191' title='bbox 922 3587 1011 3633; x_wconf 88' lang='lat' dir='ltr'>anno</span> <span class='ocrx_word' id='word_1_192' title='bbox 1031 3569 1205 3650; x_wconf 73' lang='lat' dir='ltr'>prasenti,</span> <span class='ocrx_word' id='word_1_193' title='bbox 1226 3570 1268 3632; x_wconf 91' lang='lat' dir='ltr'>ab</span> <span class='ocrx_word' id='word_1_194' title='bbox 1293 3569 1527 3634; x_wconf 87' lang='lat' dir='ltr'>incarnatione</span> 
     </span>
     <span class='ocr_line' id='line_1_26' title="bbox 349 3668 978 3733; baseline -0.002 -3"><span class='ocrx_word' id='word_1_195' title='bbox 349 3668 486 3731; x_wconf 88' lang='lat' dir='ltr'>Domini</span> <span class='ocrx_word' id='word_1_196' title='bbox 501 3668 706 3733; x_wconf 86' lang='lat' dir='ltr'>M⁰GC⁰LXI⁰</span> <span class='ocrx_word' id='word_1_197' title='bbox 719 3668 846 3731; x_wconf 87' lang='lat' dir='ltr'>factum</span> <span class='ocrx_word' id='word_1_198' title='bbox 862 3673 912 3730; x_wconf 90' lang='lat' dir='ltr'>est</span> <span class='ocrx_word' id='word_1_199' title='bbox 923 3670 946 3729; x_wconf 83' lang='lat'>⁴.</span> <span class='ocrx_word' id='word_1_200' title='bbox 963 3689 978 3722; x_wconf 75' lang='lat' dir='ltr'>r</span> 
     </span>
    </p>
   </div>
   <div class='ocr_carea' id='block_1_7' title="bbox 350 3907 1531 4694">
    <p class='ocr_par' dir='ltr' id='par_1_7' title="bbox 350 3907 1528 4055">
     <span class='ocr_line' id='line_1_27' title="bbox 384 3907 1528 3974; baseline 0 -15"><span class='ocrx_word' id='word_1_201' title='bbox 384 3909 406 3960; x_wconf 90' lang='lat' dir='ltr'>i.</span> <span class='ocrx_word' id='word_1_202' title='bbox 421 3908 493 3960; x_wconf 85' lang='lat' dir='ltr'>Vide</span> <span class='ocrx_word' id='word_1_203' title='bbox 511 3907 662 3959; x_wconf 85' lang='lat' dir='ltr'>editionem</span> <span class='ocrx_word' id='word_1_204' title='bbox 677 3923 694 3958; x_wconf 84' lang='lat' dir='ltr'>a</span> <span class='ocrx_word' id='word_1_205' title='bbox 714 3907 896 3971; x_wconf 82' lang='lat' dir='ltr'>Oolvenerio,</span> <span class='ocrx_word' id='word_1_206' title='bbox 915 3920 989 3959; x_wconf 87' lang='lat' dir='ltr'>anno</span> <span class='ocrx_word' id='word_1_207' title='bbox 1006 3907 1080 3970; x_wconf 78' lang='lat'>1627,</span> <span class='ocrx_word' id='word_1_208' title='bbox 1096 3907 1202 3973; x_wconf 81' lang='lat' dir='ltr'>datam,</span> <span class='ocrx_word' id='word_1_209' title='bbox 1218 3923 1245 3974; x_wconf 93' lang='lat' dir='ltr'>p.</span> <span class='ocrx_word' id='word_1_210' title='bbox 1263 3909 1287 3961; x_wconf 78' lang='lat' dir='ltr'>i.</span> <span class='ocrx_word' id='word_1_211' title='bbox 1307 3908 1374 3960; x_wconf 71' lang='lat' dir='ltr'>llaec</span> <span class='ocrx_word' id='word_1_212' title='bbox 1394 3909 1480 3960; x_wconf 84' lang='lat' dir='ltr'>verba</span> <span class='ocrx_word' id='word_1_213' title='bbox 1499 3909 1528 3959; x_wconf 91' lang='lat' dir='ltr'>ln</span> 
     </span>
     <span class='ocr_line' id='line_1_28' title="bbox 350 3986 1007 4055; baseline 0 -17"><span class='ocrx_word' id='word_1_214' title='bbox 350 3989 477 4055; x_wconf 89' lang='lat' dir='ltr'>pluribus</span> <span class='ocrx_word' id='word_1_215' title='bbox 489 3987 635 4038; x_wconf 80' lang='lat' dir='ltr'>codicibus</span> <span class='ocrx_word' id='word_1_216' title='bbox 648 3987 752 4038; x_wconf 77' lang='lat' dir='ltr'>frustra</span> <span class='ocrx_word' id='word_1_217' title='bbox 764 3986 1007 4051; x_wconf 80' lang='lat' dir='ltr'>investigavimus.</span> 
     </span>
    </p>

    <p class='ocr_par' dir='ltr' id='par_1_8' title="bbox 351 4066 1529 4213">
     <span class='ocr_line' id='line_1_29' title="bbox 380 4066 1529 4126; baseline 0.002 -8"><span class='ocrx_word' id='word_1_218' title='bbox 380 4069 406 4118; x_wconf 74' lang='lat' dir='ltr'>i.</span> <span class='ocrx_word' id='word_1_219' title='bbox 422 4067 493 4118; x_wconf 90' lang='lat' dir='ltr'>Vide</span> <span class='ocrx_word' id='word_1_220' title='bbox 508 4067 668 4119; x_wconf 79' lang='lat' dir='ltr'>Oolvenerii</span> <span class='ocrx_word' id='word_1_221' title='bbox 683 4068 878 4118; x_wconf 84' lang='lat' dir='ltr'>adnotationes</span> <span class='ocrx_word' id='word_1_222' title='bbox 891 4067 926 4117; x_wconf 84' lang='lat' dir='ltr'>ad</span> <span class='ocrx_word' id='word_1_223' title='bbox 942 4066 1065 4117; x_wconf 87' lang='lat' dir='ltr'>eamdem</span> <span class='ocrx_word' id='word_1_224' title='bbox 1079 4066 1241 4126; x_wconf 84' lang='lat' dir='ltr'>editionem.</span> <span class='ocrx_word' id='word_1_225' title='bbox 1255 4069 1284 4118; x_wconf 89' lang='lat' dir='ltr'>in</span> <span class='ocrx_word' id='word_1_226' title='bbox 1300 4069 1354 4119; x_wconf 86' lang='lat' dir='ltr'>line</span> <span class='ocrx_word' id='word_1_227' title='bbox 1369 4070 1433 4120; x_wconf 87' lang='lat' dir='ltr'>libri</span> <span class='ocrx_word' id='word_1_228' title='bbox 1448 4069 1529 4120; x_wconf 84' lang='lat' dir='ltr'>addi-</span> 
     </span>
     <span class='ocr_line' id='line_1_30' title="bbox 351 4147 1312 4213; baseline 0.003 -16"><span class='ocrx_word' id='word_1_229' title='bbox 351 4151 403 4208; x_wconf 88' lang='lat' dir='ltr'>tas,</span> <span class='ocrx_word' id='word_1_230' title='bbox 419 4163 446 4213; x_wconf 86' lang='lat' dir='ltr'>p.</span> <span class='ocrx_word' id='word_1_231' title='bbox 459 4148 490 4206; x_wconf 82' lang='lat' dir='ltr'>‘i;</span> <span class='ocrx_word' id='word_1_232' title='bbox 507 4149 540 4198; x_wconf 86' lang='lat' dir='ltr'>ci.</span> <span class='ocrx_word' id='word_1_233' title='bbox 557 4151 718 4208; x_wconf 82' lang='lat' dir='ltr'>Scriptores</span> <span class='ocrx_word' id='word_1_234' title='bbox 732 4149 846 4196; x_wconf 81' lang='lat' dir='ltr'>ordinis</span> <span class='ocrx_word' id='word_1_235' title='bbox 859 4150 1093 4205; x_wconf 73' lang='lat' dir='ltr'>eradicatorem.</span> <span class='ocrx_word' id='word_1_236' title='bbox 1111 4151 1130 4197; x_wconf 83' lang='lat' dir='ltr'>t.</span> <span class='ocrx_word' id='word_1_237' title='bbox 1147 4147 1168 4208; x_wconf 92' lang='lat' dir='ltr'>l,</span> <span class='ocrx_word' id='word_1_238' title='bbox 1183 4162 1210 4212; x_wconf 89' lang='lat' dir='ltr'>p.</span> <span class='ocrx_word' id='word_1_239' title='bbox 1225 4147 1269 4198; x_wconf 75' lang='lat' dir='ltr'>lai</span> <span class='ocrx_word' id='word_1_240' title='bbox 1287 4163 1312 4201; x_wconf 86' lang='lat' dir='ltr'>s.</span> 
     </span>
    </p>

    <p class='ocr_par' dir='ltr' id='par_1_9' title="bbox 382 4224 778 4290">
     <span class='ocr_line' id='line_1_31' title="bbox 382 4224 778 4290; baseline -0.01 -12"><span class='ocrx_word' id='word_1_241' title='bbox 382 4227 406 4280; x_wconf 84' lang='grc'>3.</span> <span class='ocrx_word' id='word_1_242' title='bbox 422 4227 482 4279; x_wconf 84' lang='lat' dir='ltr'>Lib.</span> <span class='ocrx_word' id='word_1_243' title='bbox 496 4225 533 4285; x_wconf 91' lang='lat'>11,</span> <span class='ocrx_word' id='word_1_244' title='bbox 547 4240 608 4290; x_wconf 82' lang='lat' dir='ltr'>cap.</span> <span class='ocrx_word' id='word_1_245' title='bbox 625 4236 698 4286; x_wconf 83' lang='lat' dir='ltr'>nvn,</span> <span class='ocrx_word' id='word_1_246' title='bbox 714 4224 778 4288; x_wconf 70' lang='lat' dir='ltr'>ili.</span> 
     </span>
    </p>

    <p class='ocr_par' dir='ltr' id='par_1_10' title="bbox 351 4304 1531 4694">
     <span class='ocr_line' id='line_1_32' title="bbox 382 4304 1527 4371; baseline -0.001 -13"><span class='ocrx_word' id='word_1_247' title='bbox 382 4307 406 4360; x_wconf 83' lang='lat' dir='ltr'>l.</span> <span class='ocrx_word' id='word_1_248' title='bbox 421 4305 483 4358; x_wconf 81' lang='lat' dir='ltr'>Lib.</span> <span class='ocrx_word' id='word_1_249' title='bbox 502 4306 542 4369; x_wconf 89' lang='lat' dir='ltr'>ll,</span> <span class='ocrx_word' id='word_1_250' title='bbox 562 4319 622 4371; x_wconf 83' lang='lat' dir='ltr'>cap.</span> <span class='ocrx_word' id='word_1_251' title='bbox 639 4317 723 4365; x_wconf 81' lang='lat' dir='ltr'>xxix,</span> <span class='ocrx_word' id='word_1_252' title='bbox 739 4305 805 4368; x_wconf 67' lang='lat' dir='ltr'>iil.</span> <span class='ocrx_word' id='word_1_253' title='bbox 824 4304 1008 4357; x_wconf 82' lang='lat' dir='ltr'>Oolvenorius</span> <span class='ocrx_word' id='word_1_254' title='bbox 1027 4305 1147 4370; x_wconf 89' lang='lat' dir='ltr'>primum</span> <span class='ocrx_word' id='word_1_255' title='bbox 1167 4305 1201 4356; x_wconf 86' lang='lat' dir='ltr'>ad</span> <span class='ocrx_word' id='word_1_256' title='bbox 1220 4305 1303 4357; x_wconf 87' lang='lat' dir='ltr'>fldem</span> <span class='ocrx_word' id='word_1_257' title='bbox 1320 4307 1404 4358; x_wconf 90' lang='lat' dir='ltr'>unius</span> <span class='ocrx_word' id='word_1_258' title='bbox 1421 4307 1527 4357; x_wconf 86' lang='lat' dir='ltr'>codicis</span> 
     </span>
     <span class='ocr_line' id='line_1_33' title="bbox 351 4384 1527 4451; baseline 0 -12"><span class='ocrx_word' id='word_1_259' title='bbox 351 4401 455 4439; x_wconf 87' lang='lat' dir='ltr'>annum</span> <span class='ocrx_word' id='word_1_260' title='bbox 470 4385 633 4439; x_wconf 83' lang='lat' dir='ltr'>MGGLXXl</span> <span class='ocrx_word' id='word_1_261' title='bbox 647 4385 692 4436; x_wconf 87' lang='lat' dir='ltr'>bic</span> <span class='ocrx_word' id='word_1_262' title='bbox 707 4384 916 4436; x_wconf 85' lang='lat' dir='ltr'>inscribendum</span> <span class='ocrx_word' id='word_1_263' title='bbox 931 4387 1062 4450; x_wconf 82' lang='lat' dir='ltr'>opinatus</span> <span class='ocrx_word' id='word_1_264' title='bbox 1081 4387 1185 4450; x_wconf 82' lang='lat' dir='ltr'>iuerat,</span> <span class='ocrx_word' id='word_1_265' title='bbox 1202 4386 1381 4451; x_wconf 88' lang='lat' dir='ltr'>postmodnm</span> <span class='ocrx_word' id='word_1_266' title='bbox 1395 4401 1462 4439; x_wconf 86' lang='lat' dir='ltr'>vero</span> <span class='ocrx_word' id='word_1_267' title='bbox 1476 4400 1527 4439; x_wconf 86' lang='lat' dir='ltr'>an-</span> 
     </span>
     <span class='ocr_line' id='line_1_34' title="bbox 351 4465 1530 4530; baseline -0.001 -10"><span class='ocrx_word' id='word_1_268' title='bbox 351 4481 419 4520; x_wconf 90' lang='lat' dir='ltr'>num</span> <span class='ocrx_word' id='word_1_269' title='bbox 430 4465 568 4520; x_wconf 78' lang='lat' dir='ltr'>ucccxi</span> <span class='ocrx_word' id='word_1_270' title='bbox 583 4465 674 4516; x_wconf 86' lang='lat' dir='ltr'>sidem</span> <span class='ocrx_word' id='word_1_271' title='bbox 687 4466 749 4517; x_wconf 89' lang='lat' dir='ltr'>loco</span> <span class='ocrx_word' id='word_1_272' title='bbox 765 4465 902 4529; x_wconf 85' lang='lat' dir='ltr'>aptiorem</span> <span class='ocrx_word' id='word_1_273' title='bbox 920 4478 982 4517; x_wconf 87' lang='lat' dir='ltr'>esse</span> <span class='ocrx_word' id='word_1_274' title='bbox 995 4467 1139 4530; x_wconf 80' lang='lat' dir='ltr'>protessus</span> <span class='ocrx_word' id='word_1_275' title='bbox 1158 4472 1201 4517; x_wconf 86' lang='lat' dir='ltr'>est</span> <span class='ocrx_word' id='word_1_276' title='bbox 1221 4467 1296 4530; x_wconf 82' lang='lat' dir='ltr'>(vide</span> <span class='ocrx_word' id='word_1_277' title='bbox 1311 4467 1530 4530; x_wconf 84' lang='lat' dir='ltr'>adnotationes,</span> 
     </span>
     <span class='ocr_line' id='line_1_35' title="bbox 351 4546 1531 4615; baseline 0.001 -15"><span class='ocrx_word' id='word_1_278' title='bbox 351 4564 379 4615; x_wconf 88' lang='lat' dir='ltr'>p.</span> <span class='ocrx_word' id='word_1_279' title='bbox 394 4547 445 4612; x_wconf 73' lang='lat'>82).</span> <span class='ocrx_word' id='word_1_280' title='bbox 460 4547 514 4600; x_wconf 80' lang='lat' dir='ltr'>Oui</span> <span class='ocrx_word' id='word_1_281' title='bbox 525 4547 651 4612; x_wconf 88' lang='lat' dir='ltr'>proiecto</span> <span class='ocrx_word' id='word_1_282' title='bbox 663 4547 693 4597; x_wconf 91' lang='lat' dir='ltr'>in</span> <span class='ocrx_word' id='word_1_283' title='bbox 705 4547 758 4597; x_wconf 87' lang='lat' dir='ltr'>boc</span> <span class='ocrx_word' id='word_1_284' title='bbox 770 4546 979 4598; x_wconf 86' lang='lat' dir='ltr'>assentiendum</span> <span class='ocrx_word' id='word_1_285' title='bbox 993 4551 1046 4612; x_wconf 86' lang='lat' dir='ltr'>est,</span> <span class='ocrx_word' id='word_1_286' title='bbox 1057 4561 1121 4598; x_wconf 86' lang='lat' dir='ltr'>cum</span> <span class='ocrx_word' id='word_1_287' title='bbox 1131 4547 1161 4598; x_wconf 88' lang='lat' dir='ltr'>lu</span> <span class='ocrx_word' id='word_1_288' title='bbox 1171 4549 1302 4600; x_wconf 86' lang='lat' dir='ltr'>omnibns</span> <span class='ocrx_word' id='word_1_289' title='bbox 1313 4550 1372 4600; x_wconf 88' lang='lat' dir='ltr'>isrs</span> <span class='ocrx_word' id='word_1_290' title='bbox 1384 4549 1531 4602; x_wconf 86' lang='lat' dir='ltr'>codicibus</span> 
     </span>
     <span class='ocr_line' id='line_1_36' title="bbox 352 4620 1174 4694; baseline 0.002 -13"><span class='ocrx_word' id='word_1_291' title='bbox 352 4642 442 4681; x_wconf 84' lang='lat' dir='ltr'>anuas</span> <span class='ocrx_word' id='word_1_292' title='bbox 457 4627 594 4682; x_wconf 78' lang='lat' dir='ltr'>MOOLXI</span> <span class='ocrx_word' id='word_1_293' title='bbox 607 4629 660 4680; x_wconf 88' lang='lat' dir='ltr'>boc</span> <span class='ocrx_word' id='word_1_294' title='bbox 675 4627 774 4681; x_wconf 86' lang='lat' dir='ltr'>eodem</span> <span class='ocrx_word' id='word_1_295' title='bbox 787 4628 850 4680; x_wconf 89' lang='lat' dir='ltr'>loeo</span> <span class='ocrx_word' id='word_1_296' title='bbox 865 4620 986 4694; x_wconf 83' lang='lat' dir='ltr'>scriptus</span> <span class='ocrx_word' id='word_1_297' title='bbox 1004 4627 1174 4683; x_wconf 86' lang='lat' dir='ltr'>inveniatur.</span> 
     </span>
    </p>
   </div>
   <div class='ocr_carea' id='block_1_8' title="bbox 0 0 1836 5450">
    <p class='ocr_par' dir='ltr' id='par_1_11' title="bbox 0 0 1836 5450">
     <span class='ocr_line' id='line_1_37' title="bbox 0 0 1836 5450; baseline 0 0"><span class='ocrx_word' id='word_1_298' title='bbox 0 0 1836 5450; x_wconf 95' lang='lat' dir='ltr'> </span> 
     </span>
    </p>
   </div>
  </div>
 </body>
</html>
