3644 5450
821 627 982 691 ..53-

316 755 352 816 in
381 758 662 820 incontinentiam
688 759 757 820 labi
785 759 915 822 soleant
943 778 951 820 ι
983 785 997 816 ι
1023 761 1138 822 Prima
1164 761 1321 822 consistit
1345 763 1383 822 in
1402 762 1495 839 cogi-

319 861 388 916 tatu
405 855 493 934 turpi
511 862 543 918 et
557 856 748 931 immundo,
766 858 913 920 secunda
928 857 964 918 in
979 857 1056 920 visu
1070 856 1122 920 vel
1138 865 1274 937 aspectu
1288 857 1493 930 inordinato,

319 952 417 1014 tertia
442 952 478 1014 in
507 955 775 1018 conciliatricem
798 955 985 1018 mediarum
1009 955 1172 1036 alloquio,
1192 963 1312 1036 quarta
1331 956 1369 1018 iu
1391 955 1494 1018 verbo

318 1049 370 1113 vel
390 1051 555 1134 colloquio
574 1053 761 1128 luxurioso,
784 1053 902 1134 quinta
925 1053 961 1114 in
983 1053 1097 1116 osculo
1118 1052 1244 1117 lascivo
1267 1053 1321 1117 rel
1346 1053 1492 1128 incasto,

296 1162 298 1164 ·
319 1158 412 1213 sexta
430 1151 467 1213 in
490 1159 644 1214 contactu
664 1153 783 1216 illicito
797 1155 820 1214 ¹.
842 1177 855 1209 ι
878 1156 981 1216 Ροιϊο
1001 1171 1037 1216 se
1055 1152 1148 1214 omni
1167 1153 1243 1216 vitas
1262 1160 1410 1232 tempore
1428 1153 1494 1213 nri-

317 1255 427 1311 ratum
442 1269 516 1313 esse
531 1252 646 1325 refert,
660 1270 719 1314 cur
731 1251 846 1315 civilia
856 1252 934 1334 jura
945 1252 982 1314 in
993 1251 1239 1315 conciliatrices
1253 1269 1320 1313 non
1332 1250 1492 1314 saeviant:

320 1371 333 1402 α
350 1349 423 1423 Qua
438 1367 516 1425 ergo
535 1368 644 1428 pruna,
662 1350 788 1424 dicens,
806 1351 981 1430 plectenda
996 1359 1046 1413 est
1060 1350 1178 1423 lamia,
1196 1369 1270 1429 quse
1284 1347 1404 1428 puellae
1419 1349 1495 1410 ani-

318 1465 423 1512 maru.
441 1467 542 1528 quam
558 1449 704 1524 seduxit,
722 1451 823 1512 tradit
838 1449 985 1523 diabolo,
1003 1457 1035 1512 et
1054 1467 1174 1528 cerpus
1188 1448 1368 1510 lenociniis
1389 1447 1494 1508 deim-

318 1545 487 1606 dandum?
503 1549 668 1610 Praeterea
686 1548 817 1627 turpius
830 1547 1044 1610 dehonestari
1060 1547 1112 1609 vel
1126 1546 1336 1609 damnificari
1352 1563 1420 1606 non
1434 1563 1495 1623 po-

318 1649 382 1705 test
397 1643 511 1718 homo,
529 1663 630 1724 quam
645 1645 680 1705 in
699 1645 769 1707 filia
789 1645 842 1708 vel
856 1637 990 1708 uxore².
1011 1669 1025 1701 a
1043 1645 1147 1708 Adest
1163 1645 1253 1707 enim
1275 1642 1445 1716 diabolus,
1462 1649 1496 1704 et

318 1739 461 1804 insidias
476 1743 692 1821 peccantibus
715 1751 824 1823 parat,
842 1750 875 1807 et
894 1741 998 1824 lapsis
1014 1742 1148 1818 irridet,
1173 1751 1205 1806 et
1219 1760 1358 1821 corpora
1378 1759 1495 1805 eorum

322 1838 380 1918 qui
395 1840 641 1918 impoenitentes
662 1842 879 1905 decesserunt
898 1840 1014 1905 effodit
1034 1849 1133 1922 atque
1150 1831 1324 1914 dilaniat⁸,
1341 1839 1493 1913 mulieri,

319 1957 391 2018 quie
410 1938 447 1999 in
463 1938 567 2001 cubili
587 1940 752 2003 eastitatis
768 1940 943 2003 immemor
959 1941 1062 2022 jacet,
1082 1965 1095 1997 ι
1113 1939 1169 2002 Fi!
1195 1938 1251 2002 Fi!
1275 1936 1332 2002 Fi!
1356 1963 1371 1994 a
1387 1937 1495 2000 incla-

317 2055 412 2099 mans
426 2039 448 2097 ⁴.
465 2040 512 2100 De
528 2038 810 2101 immundioribus
826 2039 927 2102 etiam
944 2039 1082 2118 ssagitiis
1097 2039 1334 2112 disserentem,
1352 2037 1382 2100 si
1397 2036 1493 2110 velis,

317 2132 409 2212 legas
423 2140 446 2195 ⁵.

361 2233 472 2295 Ludos
496 2251 612 2296 omnes
634 2233 825 2296 animarum
846 2232 949 2296 saluti
970 2235 1113 2297 iniestos
1136 2233 1281 2296 Thomas
1304 2231 1497 2311 proclamat,

321 2329 451 2412 hocque
468 2349 535 2393 uno
551 2331 686 2395 nomine
702 2351 755 2395 res
774 2331 924 2396 diversas
940 2331 1094 2410 designat
1107 2328 1164 2405 ;'et
1179 2349 1235 2394 cos
1250 2330 1396 2410 primum
1411 2329 1501 2392 inter

321 2428 466 2508 aequales
478 2448 556 2492 suos
572 2429 689 2508 carpit,
707 2431 766 2510 qui
782 2430 920 2509 agendis
936 2431 1082 2508 gaudent
1098 2429 1350 2504 torneamentis,
1362 2427 1421 2490 illo
1434 2429 1500 2490 sci-

319 2526 397 2590 licet
412 2528 634 2590 certaminum
651 2549 783 2607 genere,
801 2530 837 2590 in
853 2549 918 2609 quo
935 2531 1175 2610 cujuscumque
1188 2529 1311 2606 gradus
1326 2526 1452 2588 milites
1468 2534 1500 2588 et

321 2625 491 2704 armigeri,
507 2627 641 2704 vigente
657 2627 757 2690 etiam
768 2647 860 2707 paco,
874 2648 967 2690 arma
979 2646 1154 2690 conserere
1166 2633 1422 2698 consueverunt,
1434 2643 1499 2704 quo

320 2723 496 2804 majorem,
513 2723 603 2788 inter
624 2725 785 2789 mulieres
806 2726 988 2805 przeeipue,
1007 2727 1131 2787 laruam
1154 2723 1379 2804 acquirerent.
1402 2725 1500 2784 llunc

320 2821 411 2882 eninr
429 2829 680 2886 antecessorum
700 2831 891 2886 nostrorum
906 2843 1005 2886 usum
1022 2832 1054 2886 et
1069 2823 1193 2885 suunni
1213 2830 1292 2884 tunc
1306 2821 1497 2900 pontiliceS,

320 2924 352 2980 et
367 2937 483 2982 omnes
498 2919 550 2980 illi
565 2920 740 2998 religionis
758 2919 908 2983 ministri
926 2939 1063 2983 exosum
1078 2920 1281 2992 habuerunt,
1301 2918 1424 2998 quihus
1440 2917 1499 2977 inr-

320 3015 414 3095 pium
434 3016 610 3080 videbatur
630 3025 666 3079 ut
686 3017 812 3098 alisque
828 3017 897 3080 ulla
916 3018 1117 3080 necessitate
1132 3016 1404 3082 Christianorum
1426 3033 1499 3076 san·

322 3114 396 3192 guis
417 3122 449 3178 et
469 3116 610 3191 divitiae,
628 3116 791 3195 neglectis
810 3116 1004 3179 utilioribus
1025 3116 1166 3195 praeliis,
1190 3115 1498 3196 profunderentur:

323 3214 608 3277 «Exheredantur
627 3215 748 3277 divites
769 3214 905 3289 rustici,
922 3215 1012 3278 cives
1033 3213 1167 3277 urbium
1187 3215 1420 3287 devastantur,
1444 3233 1500 3276 ex-

322 3312 510 3392 spoliantur
531 3332 711 3393 pauperes,
736 3320 767 3376 et
788 3315 842 3376 vix
864 3314 914 3377 els
934 3311 1139 3394 relinquitur
1160 3314 1306 3376 frustum
1328 3312 1437 3393 panis.
1461 3315 1501 3376 Et

322 3412 384 3475 hoc
400 3419 505 3474 totum
519 3414 572 3487 iit,
590 3421 626 3475 ut
642 3413 768 3476 tinnitu
784 3413 1057 3494 applaudentium
1073 3412 1277 3476 histrionum
1297 3411 1395 3490 longe
1417 3411 1500 3474 late-

323 3529 387 3590 que
403 3529 524 3574 nomen
540 3511 636 3590 prolri
651 3509 771 3573 militis
782 3512 963 3574 deleratur.
979 3513 1019 3573 Et
1032 3519 1120 3574 certe
1134 3511 1235 3590 periit
1247 3529 1368 3573 nornen
1385 3529 1500 3573 eorum

323 3625 398 3668 cum
414 3609 538 3682 sonitu,
556 3609 689 3687 quando
704 3628 822 3670 vecuur
835 3609 995 3686 strepitus
1008 3608 1234 3687 pertransivit.
1251 3608 1339 3684 Quid
1351 3608 1452 3670 habet
1464 3609 1500 3669 in

325 3704 383 3765 tali
404 3703 502 3768 laude
524 3707 647 3784 probus
672 3706 769 3768 ruilus
794 3726 879 3785 equo
903 3707 1059 3786 Bayardo
1081 3706 1214 3783 rrrrrgisl
1234 3704 1437 3768 Guillelruus
1461 3706 1509 3768 de.

323 3802 439 3864 Barris
455 3811 568 3865 nostro
583 3811 729 3882 ternpore
743 3804 840 3867 miles
852 3805 999 3883 optimus
1011 3805 1120 3866 dictus
1132 3811 1199 3876 est;
1214 3803 1366 3865 insonuit
1380 3822 1501 3864 nomen
1521 3855 1533 3874 ,

324 3900 396 3980 ejus
419 3901 498 3962 dum
520 3901 708 3981 vixit3ja1u
728 3902 801 3980 ipso
820 3909 951 3964 nrortuo
972 3921 1037 3962 non
1059 3901 1203 3963 arulitur.
1225 3902 1401 3980 Bayardus
1424 3919 1501 3962 vero

325 4016 431 4077 equus
457 4005 603 4077 ternpore
630 3998 742 4063 Caroli
770 4000 893 4078 viguit;
923 4000 1118 4080 quingentis
1145 4007 1177 4062 et
1204 4018 1242 4062 eo
1264 3999 1408 4078 amplius
1431 4000 1502 4079 jam

324 4094 447 4174 elapsis
468 4096 567 4158 anuis
587 4105 738 4159 mortuus
757 4105 822 4170 est,
841 4104 873 4160 et
891 4097 999 4159 adhuc
1017 4099 1107 4159 lania
1124 4097 1196 4178 ejus
1213 4104 1376 4176 superest.
1394 4098 1502 4158 Bucc-

325 4192 445 4272 phalus
468 4212 574 4273 equus
597 4195 709 4271 ruagni
730 4194 912 4256 Alexandri
931 4195 1021 4273 regis
1040 4195 1259 4257 ltlacedonurn
1280 4195 1321 4255 olr
1340 4194 1502 4256 lrenoreru

358 4477 379 4528 t.
396 4478 431 4538 11.
446 4489 515 4539 xxx,
527 4477 567 4528 23.

355 4559 379 4610 i.
396 4557 492 4612 (lodex
507 4559 674 4610 Parisionsis
687 4559 758 4621 3309,
774 4559 809 4622 11,
826 4573 895 4623 ιιι,
910 4561 958 4625 383
972 4561 1039 4612 adit.
1056 4562 1091 4626 ll,
1105 4572 1173 4622 ιιι,
1188 4563 1226 4614 36.

356 4641 379 4690 3.
393 4639 434 4690 Do
448 4639 491 4688 his
506 4639 570 4690 vida
586 4639 686 4689 librum
703 4641 739 4705 ll,
753 4652 822 4706 ιιι,
838 4641 866 4704 5,
882 4645 910 4693 et
926 4642 1004 4694 alias.

357 4719 381 4770 t.
397 4719 433 4781 11,
449 4730 519 4782 xxx,
532 4719 554 4772 3.
1029 4733 1033 4740 ’

357 4801 380 4851 5.
396 4800 437 4865 11,
451 4811 525 4862 xxx,
543 4799 622 4864 tola,
637 4804 689 4852 etc.
