3644 5450
849 597 1010 658 -ll-

351 745 481 803 camus,
503 729 543 791 de
564 747 631 809 qua
652 735 698 791 tot
714 735 868 809 portenta
888 729 924 791 in
945 747 1051 791 unum
1074 735 1231 808 congesta
1250 729 1381 805 retulit,
1402 737 1440 793 ut
1461 731 1517 794 vix

345 826 461 889 credas
477 844 566 889 sanae
581 827 705 890 mentis
719 827 890 891 hominem
906 828 966 890 has
979 827 1119 907 paginas
1132 826 1396 907 conscripsisse?
1410 829 1515 903 Hanc,

345 942 432 986 anno
449 925 672 989 MCLXXXII
685 926 887 1000 defunctam,
902 928 971 989 Deo
983 927 1122 1009 jubente
1136 926 1176 988 ad
1191 927 1294 988 vitam
1309 945 1347 988 eo
1359 934 1454 1007 pacto
1464 945 1518 990 re-

345 1023 502 1085 deuutem
518 1024 664 1099 inducit,
681 1032 719 1085 ut
735 1041 909 1102 poenarum
924 1025 1089 1103 particeps
1105 1023 1215 1098 lieret,
1233 1023 1356 1104 quihus
1371 1034 1518 1087 mortuo-

348 1139 423 1181 rum
439 1122 558 1183 animae
573 1123 609 1182 in
624 1122 816 1200 purgatorio
832 1121 1086 1195 exercebamur:
1105 1121 1168 1184 hoc
1188 1139 1260 1182 cam
1279 1122 1386 1184 oiiicio
1402 1123 1443 1184 ad
1458 1141 1518 1184 an-

348 1235 428 1278 num
444 1237 551 1299 usque
566 1220 768 1282 MCGXXIV
780 1221 930 1280 iunctam
946 1219 1072 1292 dicunt,
1086 1237 1197 1298 quam,
1211 1218 1337 1280 Thema
1348 1205 1517 1294 narrante,

346 1315 498 1376 videmus
516 1316 686 1394 quodlibet
699 1315 940 1394 suppliciorum
955 1333 1061 1394 genus
1073 1313 1161 1376 ultro
1177 1321 1354 1392 expertam.
1372 1315 1470 1377 Nunc
1482 1315 1517 1374 in

346 1414 464 1474 furnos
484 1414 681 1487 candentem,
701 1414 738 1473 in
752 1414 882 1491 ignem.
904 1413 941 1474 iu
963 1429 1085 1492 aquam
1105 1413 1290 1473 ferventem
1304 1412 1518 1490 semetipsam

244 1564 246 1568 .
347 1509 493 1589 projicit,
515 1535 527 1565 r
546 1509 777 1590 clamabatque
793 1511 889 1590 quasi
907 1511 1116 1588 parturiens,
1137 1527 1198 1571 nec
1218 1518 1328 1572 tamen
1344 1511 1519 1588 apsentem

346 1606 490 1668 habehat
505 1607 660 1670 laesuram
673 1610 693 1682 ¹,
713 1632 727 1662 1>
745 1625 834 1669 nunc
849 1626 1012 1688 aquarum
1032 1607 1175 1670 decursu
1189 1607 1225 1668 iu
1245 1615 1334 1670 rotas
1354 1607 1519 1670 molendi-

347 1723 467 1765 norum
492 1703 749 1783 praecipitatur:
778 1730 792 1761 a
819 1723 880 1767 nec
906 1704 976 1766 ulla
1000 1703 1122 1766 laesura
1145 1711 1256 1766 tamen
1280 1703 1460 1783 apparebat
1483 1704 1519 1765 in

346 1795 541 1864 memhris².
568 1827 581 1858 a
608 1837 648 1848 -
670 1828 684 1859 a
706 1805 746 1865 In
765 1803 848 1866 rotis
869 1803 985 1878 etiam,
1004 1803 1039 1863 in
1062 1802 1184 1882 quibus
1206 1801 1520 1882 piratae'aliquando

347 1901 492 1963 cruciari
505 1900 667 1976 solebant,
681 1919 773 1963 more
788 1909 950 1964 tortorum
964 1901 1116 1963 flectebat
1127 1919 1225 1962 crura
1235 1909 1268 1963 et
1279 1899 1436 1964 bracchia
1447 1919 1518 1974 sua,

348 2007 379 2062 et
395 2007 518 2074 tamen,
538 2013 614 2062 cum
629 2000 855 2074 descenderet,
873 2017 939 2061 non
956 1999 1134 2078 apparebat
1147 2000 1295 2061 fractura
1309 1999 1345 2060 in
1360 1997 1520 2061 memhris

349 2087 487 2160 suis'.»
511 2098 562 2159 Ad
582 2097 792 2161 scribendam
819 2098 890 2178 ejus
911 2098 1013 2159 vitam
1036 2098 1140 2160 frater
1162 2097 1306 2160 Thomas
1328 2115 1367 2159 eo
1390 2098 1521 2159 videtur

349 2195 512 2258 adductus
526 2214 611 2271 esse,
631 2197 717 2276 quod
733 2197 773 2258 de
785 2196 844 2258 illa
859 2199 878 2260 J
882 2196 1003 2258 acobus
1017 2195 1240 2261 vitriacensis
1251 2197 1286 2256 in
1299 2195 1434 2275 prologo
1449 2195 1523 2258 viia

349 2293 455 2356 beatae
477 2294 591 2356 Mariae
609 2294 844 2372 Oigniacensis
862 2294 1048 2373 anteposito
1070 2293 1200 2356 locutus
1217 2293 1330 2357 fuerit.
1351 2294 1450 2356 Absit
1469 2311 1523 2356 cc-

350 2400 458 2454 terum
473 2401 510 2455 ut
526 2393 569 2456 iis
585 2393 758 2467 omnibus,
776 2411 849 2473 qua
868 2392 908 2455 de
930 2392 1103 2457 Christina
1121 2392 1270 2454 Mirabili
1289 2393 1411 2454 tradita
1426 2400 1520 2468 sunt,

350 2490 584 2566 immoremur3
601 2490 636 2551 id
653 2508 758 2551 unum
774 2498 897 2565 tamen,
917 2491 1005 2570 quod
1022 2491 1061 2552 de
1076 2489 1169 2553 illius
1182 2491 1218 2552 in
1231 2490 1448 2564 Lndovicunr,
1461 2491 1524 2557 Lo-

352 2588 499 2650 sicnsem
521 2589 691 2661 comitem,
715 2588 854 2649 caritate
877 2595 909 2650 ot
932 2588 1163 2649 misericordia
1184 2588 1310 2649 dictum
1325 2589 1408 2662 esti,
1426 2587 1524 2649 nobis

353 2702 419 2746 nou
434 2686 610 2746 tacendum
626 2693 690 2759 cst,
708 2685 788 2764 quia
807 2685 877 2748 haec
896 2685 1040 2747 Thomas
1060 2685 1099 2747 de
1121 2685 1237 2747 eodem
1254 2685 1374 2747 comite
1391 2684 1427 2745 in
1442 2686 1523 2745 Bono

350 2784 525 2843 tintoriscii
541 2783 751 2861 postmodum
769 2782 947 2844 narravitl.

389 2882 500 2941 Beatae
510 2879 690 2943 christina
701 2878 1522 2954 Mirabilisvitamanno,utcredimus‚MCCXLIX

349 2979 559 3057 conscripsit,
576 2978 612 3039 in
628 2978 746 3058 quade
762 2996 797 3040 re
808 2978 952 3058 quadarn
964 2977 1085 3056 agitur,
1098 2976 1160 3038 hoc
1171 2995 1259 3039 anno
1272 2983 1400 3055 gestat,
1419 2976 1522 3038 nomi·

349 3085 449 3139 natur
467 3094 546 3139 vero
568 3076 704 3157 quidam
718 3075 878 3150 Thomas,
898 3101 911 3132 α
929 3094 1019 3137 nunc
1041 3075 1143 3137 abbas
1162 3075 1275 3138 Sancti
1294 3075 1479 3150 Trudonis,
1506 3098 1520 3130 b

349 3175 408 3253 qui
431 3173 642 3236 Trudouensi
661 3173 812 3235 coenobio
833 3191 939 3235 annos
958 3173 1047 3234 inter
1066 3172 1215 3236 MCCXL
1237 3181 1269 3234 et
1291 3172 1522 3235 MCCXLVIII

350 3271 501 3348 praefuit3
523 3270 614 3330 hunc
637 3250 750 3329 vivum
771 3287 844 3330 osse
865 3268 979 3347 procul
1004 3267 1104 3328 dubio
1126 3286 1192 3329 non
1208 3269 1333 3330 diceret
1348 3275 1473 3341 auctor,
1494 3267 1523 3328 si

349 3365 448 3443 longo
465 3373 540 3444 post
555 3365 627 3446 ejus
640 3373 780 3427 mortem
794 3365 972 3428 intervallo
989 3365 1054 3427 ista
1067 3366 1257 3444 scripsisset
1269 3371 1292 3426 ¹.

390 3466 430 3526 V.
465 3462 577 3528 Simili
605 3463 728 3542 pietate
756 3462 903 3540 insignis
929 3462 1026 3525 beata
1055 3463 1249 3542 bulgar-dis,
1279 3481 1367 3525 anno
1395 3461 1523 3527 Christi

352 3561 561 3635 MCCXLVL
590 3560 644 3623 die
662 3560 752 3642 junii
778 3561 907 3623 decima
928 3569 1020 3623 sexta
1041 3561 1209 3636 defuncta,
1238 3561 1333 3643 cujus
1360 3560 1474 3637 vitam,
1506 3579 1524 3622 a
1619 3597 1620 3601 =

352 3659 480 3722 Thoma
505 3658 756 3740 Cantipratensi
777 3660 918 3735 editam,
938 3660 1028 3723 inter
1045 3661 1128 3722 Acta
1145 3660 1364 3724 Sanctorum·
1388 3660 1525 3723 Bollan-

382 3954 404 4006 1.
423 3958 486 4007 Vita
506 3958 591 4006 beatae
609 3958 760 4008 christine
779 3956 933 4019 attrahitis,
958 3957 1032 4009 inter
1049 3962 1120 4010 Acta
1135 3962 1319 4021 sanctorum,
1340 3957 1445 4011 mansis
1462 3958 1524 4023 iulii

351 4041 427 4087 tomo
443 4036 477 4101 V,
492 4052 519 4102 p.
535 4036 580 4088 652
597 4039 629 4099 b,
647 4036 660 4100 i
675 4037 712 4088 il.

379 4117 403 4172 2.
419 4118 431 4182 Ε
447 4116 485 4168 li.

331 4250 333 4254 .
383 4198 407 4249 3.
423 4199 436 4262 i
452 4198 489 4249 li.

381 4277 405 4328 l.
421 4278 433 4342 Ε
448 4277 531 4331 11-15.

382 4360 406 4409 5.
422 4362 535 4408 flocum
551 4360 724 4418 universate,
736 4358 784 4409 lib.
800 4359 836 4421 ll,
851 4373 911 4424 cap.
928 4371 990 4420 cut,
1005 4359 1068 4423 flii.

382 4439 405 4491 6.
424 4441 488 4489 Vlla
503 4441 587 4488 beatae
601 4440 761 4502 christinae,
775 4439 788 4503 l
801 4439 841 4490 57.

381 4520 405 4571 7.
423 4522 487 4570 Vita
502 4521 586 4568 beatae
603 4521 762 4579 christina,
779 4519 844 4582 W·
861 4520 982 4570 Attouda
996 4524 1028 4571 ui
1043 4521 1115 4571 banc
1127 4519 1295 4572 christinam
1308 4537 1324 4571 a
1338 4525 1419 4573 beata
1433 4522 1524 4574 Chris·

351 4599 411 4650 tina
426 4599 460 4648 da
472 4599 625 4649 Stommalu
640 4598 797 4661 discernas,
813 4600 847 4649 da
860 4614 915 4664 qua
929 4605 1025 4650 nostro
1041 4605 1165 4663 tempore
1178 4599 1312 4652 Ernesius
1328 4602 1425 4652 Ronan
1440 4603 1525 4654 disse·

352 4680 428 4731 ruit:
444 4682 595 4730 Nouatilsa
609 4680 708 4730 eludes
723 4681 869 4731 d'hisior'ra
884 4682 1045 4743 rotinicuaa,
1065 4679 1134 4742 1881,
1150 4694 1176 4745 p.
1193 4681 1248 4733 353.

383 4761 407 4810 8.
423 4759 528 4810 Mensis
538 4758 610 4822 lunii
626 4762 701 4808 tomo
715 4758 763 4809 111.
