3644 5450
825 599 986 663 ..45-

319 739 409 808 sent,
427 732 502 796 sine
516 730 604 812 plica
619 739 800 811 porrectas.
817 735 888 795 Nec
903 732 995 794 aliud
1010 731 1133 806 defuit,
1152 731 1219 812 nisi
1237 738 1364 795 sertum
1380 728 1417 794 in
1439 749 1495 796 ea-

319 832 398 914 pite,
416 832 505 912 quod
520 851 587 894 non
603 830 680 893 novi
697 829 844 892 tirocinii
860 829 1004 892 militem
1017 829 1211 909 loqueretur
1224 832 1245 890 ¹.
1265 855 1279 886 r

361 933 402 993 In
430 931 582 992 ordinem
612 928 867 992 Benedictinum
898 928 1077 1009 quamdam
1110 927 1286 990 mollitiem
1319 928 1497 1008 irrepsisse

321 1028 549 1110 conqueritur,
565 1027 600 1088 in
614 1046 679 1106 quo
692 1027 825 1107 quidem
840 1026 881 1088 ab
897 1025 1047 1106 antiquis
1064 1026 1268 1105 temporibus
1283 1027 1379 1107 pueri
1392 1028 1498 1090 saeris

321 1128 473 1192 vestibus
494 1127 693 1200 induantur3
718 1144 796 1187 nam
823 1149 836 1181 ι(
860 1143 1002 1203 puerum
1025 1124 1167 1187 rationis
1190 1133 1358 1204 expertem
1379 1144 1498 1189 vovere

323 1225 411 1307 quod
428 1224 536 1287 nescit
559 1248 573 1280 1>
595 1223 777 1285 absurdum
795 1228 877 1294 eall,
895 1221 1238 1301 consuetudinemque
1253 1221 1346 1284 illam
1362 1242 1499 1303 prorsus

324 1322 547 1403 abjiciendam
567 1339 641 1383 esse
660 1319 808 1398 prestito
828 1318 978 1398 exemplo
998 1310 1238 1381 demonstrat³.
1256 1320 1498 1384 Benedictinus

324 1429 375 1484 est
393 1420 495 1483 abbas
514 1419 579 1482 iste
595 1419 710 1482 Sancti
728 1417 877 1480 Mattlriae
896 1418 1128 1491 Treveren'sis,
1147 1418 1206 1498 qui
1222 1443 1236 1474 r
1255 1426 1340 1482 totas
1357 1419 1500 1483 terrenis

325 1518 455 1580 actibus
477 1535 597 1579 manus
622 1516 750 1590 dedit⁴;
770 1539 783 1570 n
801 1515 1014 1578 Benedictini
1036 1523 1067 1577 et
1089 1523 1155 1577 tres
1174 1514 1226 1576 illi
1241 1516 1413 1591 monachi,
1433 1543 1447 1574 α
1464 1518 1500 1578 in
1529 1561 1532 1567 -

325 1616 417 1678 omni
430 1614 571 1678 lascivia
585 1613 752 1688 dissoluti,
773 1637 786 1668 a
805 1633 947 1693 quorum
962 1632 1029 1675 uno
1044 1613 1133 1675 inter
1148 1613 1263 1693 epulas
1281 1623 1423 1690 mortuo,
1436 1616 1502 1678 duo

325 1713 465 1786 residui,
488 1711 647 1775 derelicto
671 1711 742 1773 loeo
766 1711 824 1773 ubi
847 1711 958 1773 socius
980 1728 1096 1773 eorum
1118 1711 1299 1786 ceciderat,
1323 1712 1502 1791 prandium

324 1811 507 1891 perfecisse
520 1810 678 1872 dicuntur
690 1810 711 1868 ⁵.
728 1807 907 1871 Nescimus
924 1814 1035 1870 tamen
1051 1816 1165 1870 utrum
1180 1808 1330 1889 ejusdem
1343 1809 1397 1873 vel
1412 1810 1502 1873 alius

327 1909 455 1971 ordinis
472 1907 540 1970 sint
555 1908 620 1969 duo
635 1907 692 1969 isti
709 1924 819 1978 sencS,
836 1924 966 1966 morum
987 1906 1193 1984 turpitudine
1214 1907 1380 1970 deformes
1400 1907 1504 1986 gulae-

328 2023 392 2085 que
414 2004 533 2078 dediti,
555 2022 697 2082 quorum
720 2003 862 2065 altered
884 2002 991 2081 ipsam
1011 2021 1163 2065 mensam
1182 2003 1277 2078 obiit,
1295 2004 1380 2067 alter
1397 2031 1410 2061 α
1428 2023 1505 2068 cum

329 2102 458 2166 enormi
473 2101 609 2180 crapula
624 2101 674 2163 sle
689 2108 738 2162 cst
754 2099 912 2178 repletus
926 2107 963 2160 ut
979 2119 1094 2162 arnens
1111 2101 1244 2179 penitus
1260 2109 1449 2180 portaretur
1464 2103 1506 2164 ad

329 2197 518 2272 lectum-et
537 2197 635 2276 quasi
654 2197 788 2259 brutum
810 2196 936 2258 animal
952 2197 1168 2275 exspiravit⁶.
1189 2221 1203 2252 r>
1221 2199 1267 2262 Ut
1283 2206 1394 2262 autem
1410 2219 1429 2261 a
1446 2217 1506 2262 ne·

328 2296 431 2359 fando
449 2295 531 2357 vitio
552 2302 772 2375 praeservetur
794 2293 995 2364 monachus,
1020 2294 1056 2354 id
1077 2295 1181 2357 irater
1204 2294 1348 2359 Thomas
1369 2296 1507 2359 omnino

330 2401 436 2468 vetat,
455 2411 497 2456 ne
518 2393 594 2474 quis
618 2400 710 2455 extra
728 2392 943 2455 refectorium
964 2392 1090 2473 absque
1107 2392 1220 2455 debita
1235 2411 1337 2456 causa
1351 2395 1508 2459 convivia

330 2493 528 2558 instauret&
1352 2547 1355 2552 .

371 2592 561 2672 Religiosos
576 2593 679 2656 etiam
695 2591 731 2652 in
747 2590 862 2653 multis
876 2589 960 2652 locis
975 2590 1112 2652 mentiri
1131 2591 1247 2655 solitos
1263 2593 1399 2668 asserit,
1418 2592 1508 2657 uude

331 2690 394 2755 hoc
408 2690 622 2771 proverbium
636 2697 747 2753 ortum
762 2688 817 2763 sit,
834 2688 1110 2769 quotiescumque
1128 2708 1243 2752 eorum
1259 2690 1384 2772 aliquis
1398 2697 1510 2772 spreta

332 2789 473 2852 veritate
495 2788 599 2851 luerit
621 2788 752 2849 locutus
776 2807 783 2847 :
809 2811 823 2844 α
849 2786 949 2849 Salva
971 2805 1026 2849 res
1050 2795 1117 2861 est;
1144 2806 1202 2866 per
1226 2783 1382 2853 abbatem
1407 2807 1507 2852 suum

332 2885 508 2950 licentiose
522 2885 686 2948 mentitur
694 2887 717 2943 ⁸.
738 2908 752 2939 a

373 2984 492 3048 Brevis
508 2983 588 3046 inde
605 2983 647 3046 ad
660 2982 862 3044 immaniora
878 2981 1006 3061 flagitia
1020 2982 1201 3058 transitus;
1219 2989 1299 3046 sunt
1318 2983 1408 3047 enim
1423 3002 1508 3064 quos

334 3099 402 3145 non
414 3087 538 3144 terreat
552 3080 691 3160 sanguis
703 3079 740 3142 in
753 3079 826 3160 ipso
839 3080 1043 3143 monasterio
1059 3081 1198 3154 effusus,
1214 3081 1301 3160 quod
1317 3099 1398 3145 sane
1409 3100 1512 3163 prope

336 3179 492 3259 Papiam,
509 3177 716 3240 Lombardire
735 3177 920 3250 civitatem,
939 3177 1154 3256 pontificante
1170 3179 1368 3241 Innocentio
1385 3179 1510 3254 Tertio,

336 3275 372 3337 in
386 3275 591 3338 monasterio
606 3274 721 3338 Sancti
735 3274 826 3336 Petri
839 3282 932 3336 extra
946 3292 1060 3336 muros
1073 3276 1200 3336 laetum
1216 3293 1289 3338 esse
1303 3275 1437 3350 dicitnr,
1455 3275 1514 3337 ubi

338 3371 494 3436 monaehi
513 3371 668 3434 abbatem
687 3389 787 3432 suum
804 3370 1037 3433 crudelissime
1052 3371 1257 3450 peremerint
1269 3376 1290 3432 ⁹.
1313 3372 1437 3435 Eadem
1452 3390 1516 3435 sae-

338 3468 516 3531 villafredi
532 3467 687 3530 nonnulli
703 3485 720 3530 e
736 3468 876 3531 Gallicis
891 3467 1079 3541 caenobitis,
1094 3474 1131 3529 ut
1145 3474 1287 3530 testatur
1302 3468 1412 3531 scelus
1429 3487 1516 3532 are·

341 3565 514 3644 gularibus
529 3564 730 3645 quibusdam
746 3565 917 3628 canonicis
933 3564 1129 3627 admissum.
1146 3566 1311 3629 Narratur
1327 3568 1479 3629 Herveus
1491 3569 1517 3612 1·

342 3663 444 3730 abbas
460 3664 589 3726 Sanctae
605 3662 719 3724 Mariae
734 3663 774 3725 de
790 3665 902 3741 Bnrgo
918 3663 1027 3726 Medio
1043 3662 1228 3738 blesensis,
1243 3682 1320 3726 curn
1335 3665 1516 3729 monachos

343 3761 409 3824 sibi
431 3760 582 3824 subditos
603 3760 736 3823 blandis
758 3760 869 3823 verbis
890 3761 932 3822 ad
953 3761 1195 3824 observandam
1217 3761 1368 3840 regulam
1392 3763 1520 3827 frustra

377 4041 400 4094 Ι.
418 4043 438 4107 Ι,
451 4055 502 4102 vn,
517 4041 542 4092 l.

376 4125 400 4174 Ι.
418 4125 451 4184 ΙΙ,
466 4136 567 4182 xxxvi,
582 4124 606 4175 Ι.

378 4207 401 4256 3.
417 4205 457 4254 Do
471 4205 521 4253 buc
534 4204 629 4254 endem
645 4203 849 4254 consuetudine
865 4204 930 4254 vido
945 4205 991 4254 lib.
1009 4203 1030 4266 1,
1047 4219 1106 4267 cup.
1124 4216 1194 4266 xvii,
1211 4203 1261 4268 ΙΙ.

378 4283 401 4335 Ι.
417 4285 440 4344 Ι,
455 4296 518 4342 xm,
533 4283 556 4336 Ι.

379 4367 401 4416 5.
419 4366 440 4428 l,
456 4377 506 4423 ru,
522 4365 545 4414 3.

380 4447 405 4497 6.
420 4446 455 4500 ΙΙ,
469 4456 521 4508 xu,
534 4446 557 4494 5.

380 4528 404 4579 7.
421 4527 456 4588 ΙΙ,
471 4538 523 4588 xn,
539 4527 562 4578 3.

288 4667 290 4672 ,
380 4607 404 4662 8.
421 4607 549 4670 ll,xxv1,
564 4605 588 4658 8.

382 4691 406 4742 a.
422 4689 444 4752 Ι,
459 4701 519 4752 xxr,
535 4688 557 4740 l.

384 4773 421 4823 io.
438 4770 464 4821 la
479 4787 495 4820 a
508 4770 613 4820 Thema
628 4769 834 4833 cantipralenri
851 4767 989 4820 Hauricur
1002 4781 1148 4834 perperam
1161 4770 1326 4834 appellatur.
