<?xml version="1.0" encoding="UTF-8"?>
<!DOCTYPE html PUBLIC "-//W3C//DTD XHTML 1.0 Transitional//EN"
    "http://www.w3.org/TR/xhtml1/DTD/xhtml1-transitional.dtd">
<html xmlns="http://www.w3.org/1999/xhtml" xml:lang="en" lang="en">
 <head>
  <title>
</title>
<meta http-equiv="Content-Type" content="text/html;charset=utf-8" />
  <meta name='ocr-system' content='tesseract 3.04.00' />
  <meta name='ocr-capabilities' content='ocr_page ocr_carea ocr_par ocr_line ocrx_word'/>
</head>
<body>
  <div class='ocr_page' id='page_1' title='image "./thomaecantiprat00berggoog_0031.png"; bbox 0 0 3644 5450; ppageno 0'>
   <div class='ocr_carea' id='block_1_1' title="bbox 843 603 1003 661">
    <p class='ocr_par' dir='ltr' id='par_1_1' title="bbox 843 603 1003 661">
     <span class='ocr_line' id='line_1_1' title="bbox 843 603 1003 661; baseline -0.019 -12"><span class='ocrx_word' id='word_1_1' title='bbox 843 603 1003 661; x_wconf 67' lang='lat'><strong>..15-</strong></span> 
     </span>
    </p>
   </div>
   <div class='ocr_carea' id='block_1_2' title="bbox 333 730 1511 2476">
    <p class='ocr_par' dir='ltr' id='par_1_2' title="bbox 333 730 1511 1884">
     <span class='ocr_line' id='line_1_2' title="bbox 377 730 1511 796; baseline -0.001 0"><span class='ocrx_word' id='word_1_2' title='bbox 377 732 478 796; x_wconf 94' lang='lat' dir='ltr'><strong>Nullo</strong></span> <span class='ocrx_word' id='word_1_3' title='bbox 496 740 607 794; x_wconf 91' lang='lat' dir='ltr'><strong>tamen</strong></span> <span class='ocrx_word' id='word_1_4' title='bbox 625 731 722 792; x_wconf 93' lang='lat' dir='ltr'><strong>modo</strong></span> <span class='ocrx_word' id='word_1_5' title='bbox 743 730 944 793; x_wconf 88' lang='lat' dir='ltr'><strong>credendum</strong></span> <span class='ocrx_word' id='word_1_6' title='bbox 960 739 1010 794; x_wconf 90' lang='lat' dir='ltr'><strong>est</strong></span> <span class='ocrx_word' id='word_1_7' title='bbox 1025 731 1185 793; x_wconf 78' lang='lat' dir='ltr'><strong>&#39;rhomam</strong></span> <span class='ocrx_word' id='word_1_8' title='bbox 1203 749 1269 795; x_wconf 93' lang='lat' dir='ltr'><strong>non</strong></span> <span class='ocrx_word' id='word_1_9' title='bbox 1288 741 1364 794; x_wconf 91' lang='lat' dir='ltr'><strong>ante</strong></span> <span class='ocrx_word' id='word_1_10' title='bbox 1386 751 1511 796; x_wconf 91' lang='lat' dir='ltr'><strong>annum</strong></span> 
     </span>
     <span class='ocr_line' id='line_1_3' title="bbox 336 828 1510 906; baseline -0.003 -13"><span class='ocrx_word' id='word_1_11' title='bbox 336 830 463 893; x_wconf 83' lang='lat' dir='ltr'>Christi</span> <span class='ocrx_word' id='word_1_12' title='bbox 478 828 708 892; x_wconf 85' lang='lat' dir='ltr'>MGCLXXVI</span> <span class='ocrx_word' id='word_1_13' title='bbox 722 829 814 906; x_wconf 90' lang='lat' dir='ltr'><strong>operi</strong></span> <span class='ocrx_word' id='word_1_14' title='bbox 827 828 928 888; x_wconf 83' lang='lat' dir='ltr'><strong>finem</strong></span> <span class='ocrx_word' id='word_1_15' title='bbox 942 828 1153 906; x_wconf 85' lang='lat' dir='ltr'><strong>imposuisse.</strong></span> <span class='ocrx_word' id='word_1_16' title='bbox 1169 829 1262 891; x_wconf 84' lang='lat' dir='ltr'><strong>Licet</strong></span> <span class='ocrx_word' id='word_1_17' title='bbox 1275 831 1365 892; x_wconf 92' lang='lat' dir='ltr'><strong>enim</strong></span> <span class='ocrx_word' id='word_1_18' title='bbox 1378 831 1413 891; x_wconf 96' lang='lat' dir='ltr'><strong>in</strong></span> <span class='ocrx_word' id='word_1_19' title='bbox 1424 831 1510 893; x_wconf 92' lang='lat' dir='ltr'><strong>codi-</strong></span> 
     </span>
     <span class='ocr_line' id='line_1_4' title="bbox 336 925 1510 1007; baseline 0 -17"><span class='ocrx_word' id='word_1_20' title='bbox 336 929 431 992; x_wconf 84' lang='lat' dir='ltr'><strong>cibus</strong></span> <span class='ocrx_word' id='word_1_21' title='bbox 447 928 574 1007; x_wconf 89' lang='lat' dir='ltr'><strong>aliquot</strong></span> <span class='ocrx_word' id='word_1_22' title='bbox 588 930 598 970; x_wconf 87' lang='lat'><strong>¹</strong></span> <span class='ocrx_word' id='word_1_23' title='bbox 614 944 714 988; x_wconf 90' lang='lat' dir='ltr'><strong>manu</strong></span> <span class='ocrx_word' id='word_1_24' title='bbox 738 925 872 1006; x_wconf 88' lang='lat' dir='ltr'><strong>scriptis</strong></span> <span class='ocrx_word' id='word_1_25' title='bbox 896 933 928 987; x_wconf 90' lang='lat' dir='ltr'><strong>et</strong></span> <span class='ocrx_word' id='word_1_26' title='bbox 949 925 984 985; x_wconf 92' lang='lat' dir='ltr'><strong>in</strong></span> <span class='ocrx_word' id='word_1_27' title='bbox 1007 926 1256 1006; x_wconf 75' lang='lat' dir='ltr'><strong>antiquissimis</strong></span> <span class='ocrx_word' id='word_1_28' title='bbox 1279 926 1510 990; x_wconf 62' lang='lat' dir='ltr'><strong>editionibuss</strong></span> 
     </span>
     <span class='ocr_line' id='line_1_5' title="bbox 335 1022 1509 1105; baseline -0.001 -18"><span class='ocrx_word' id='word_1_29' title='bbox 335 1027 465 1105; x_wconf 80' lang='lat' dir='ltr'><strong>legatur</strong></span> <span class='ocrx_word' id='word_1_30' title='bbox 488 1044 526 1088; x_wconf 93' lang='lat' dir='ltr'><strong>oo</strong></span> <span class='ocrx_word' id='word_1_31' title='bbox 548 1043 636 1088; x_wconf 90' lang='lat' dir='ltr'><strong>anno</strong></span> <span class='ocrx_word' id='word_1_32' title='bbox 658 1042 776 1104; x_wconf 87' lang='lat' dir='ltr'><strong>corpus</strong></span> <span class='ocrx_word' id='word_1_33' title='bbox 798 1023 965 1087; x_wconf 67' lang='lat' dir='ltr'><strong>,Iohannis</strong></span> <span class='ocrx_word' id='word_1_34' title='bbox 987 1022 1027 1085; x_wconf 91' lang='lat' dir='ltr'><strong>de</strong></span> <span class='ocrx_word' id='word_1_35' title='bbox 1048 1022 1326 1100; x_wconf 89' lang='lat' dir='ltr'><strong>Wildeshausen,</strong></span> <span class='ocrx_word' id='word_1_36' title='bbox 1357 1025 1509 1105; x_wconf 80' lang='lat' dir='ltr'><strong>magistri</strong></span> 
     </span>
     <span class='ocr_line' id='line_1_6' title="bbox 336 1120 1509 1201; baseline -0.001 -15"><span class='ocrx_word' id='word_1_37' title='bbox 336 1125 464 1187; x_wconf 86' lang='lat' dir='ltr'><strong>ordinis</strong></span> <span class='ocrx_word' id='word_1_38' title='bbox 480 1123 758 1199; x_wconf 74' lang='lat' dir='ltr'><strong>praedicatorum,</strong></span> <span class='ocrx_word' id='word_1_39' title='bbox 774 1120 988 1199; x_wconf 80' lang='lat' dir='ltr'><strong>Argentorati</strong></span> <span class='ocrx_word' id='word_1_40' title='bbox 1010 1138 1027 1182; x_wconf 93' lang='lat' dir='ltr'><strong>e</strong></span> <span class='ocrx_word' id='word_1_41' title='bbox 1049 1121 1159 1200; x_wconf 89' lang='lat' dir='ltr'><strong>priore</strong></span> <span class='ocrx_word' id='word_1_42' title='bbox 1186 1121 1337 1201; x_wconf 91' lang='lat' dir='ltr'><strong>sepulcro</strong></span> <span class='ocrx_word' id='word_1_43' title='bbox 1358 1123 1393 1184; x_wconf 92' lang='lat' dir='ltr'><strong>in</strong></span> <span class='ocrx_word' id='word_1_44' title='bbox 1413 1124 1509 1185; x_wconf 91' lang='lat' dir='ltr'><strong>nobi·</strong></span> 
     </span>
     <span class='ocr_line' id='line_1_7' title="bbox 335 1218 1508 1292; baseline 0.001 -10"><span class='ocrx_word' id='word_1_45' title='bbox 335 1222 453 1285; x_wconf 92' lang='lat' dir='ltr'><strong>liorem</strong></span> <span class='ocrx_word' id='word_1_46' title='bbox 469 1222 579 1283; x_wconf 92' lang='lat' dir='ltr'><strong>locum</strong></span> <span class='ocrx_word' id='word_1_47' title='bbox 597 1218 796 1281; x_wconf 88' lang='lat' dir='ltr'><strong>translatum</strong></span> <span class='ocrx_word' id='word_1_48' title='bbox 812 1237 897 1292; x_wconf 86' lang='lat' dir='ltr'><strong>esso,</strong></span> <span class='ocrx_word' id='word_1_49' title='bbox 917 1227 1027 1279; x_wconf 85' lang='lat' dir='ltr'><strong>tamen</strong></span> <span class='ocrx_word' id='word_1_50' title='bbox 1046 1218 1132 1280; x_wconf 89' lang='lat' dir='ltr'><strong>hanc</strong></span> <span class='ocrx_word' id='word_1_51' title='bbox 1147 1219 1401 1282; x_wconf 72' lang='lat' dir='ltr'><strong>translationem</strong></span> <span class='ocrx_word' id='word_1_52' title='bbox 1420 1239 1508 1283; x_wconf 89' lang='lat' dir='ltr'><strong>anno</strong></span> 
     </span>
     <span class='ocr_line' id='line_1_8' title="bbox 335 1315 1508 1396; baseline -0.002 -15"><span class='ocrx_word' id='word_1_53' title='bbox 335 1320 502 1384; x_wconf 89' lang='lat' dir='ltr'>MCCLXI</span> <span class='ocrx_word' id='word_1_54' title='bbox 513 1320 635 1380; x_wconf 83' lang='lat' dir='ltr'><strong>laetam</strong></span> <span class='ocrx_word' id='word_1_55' title='bbox 650 1316 781 1378; x_wconf 85' lang='lat' dir='ltr'><strong>codices</strong></span> <span class='ocrx_word' id='word_1_56' title='bbox 795 1315 947 1394; x_wconf 83' lang='lat' dir='ltr'><strong>plerique</strong></span> <span class='ocrx_word' id='word_1_57' title='bbox 964 1324 1129 1390; x_wconf 87' lang='lat' dir='ltr'><strong>asserunt,</strong></span> <span class='ocrx_word' id='word_1_58' title='bbox 1147 1317 1235 1395; x_wconf 91' lang='lat' dir='ltr'><strong>quod</strong></span> <span class='ocrx_word' id='word_1_59' title='bbox 1250 1317 1386 1396; x_wconf 88' lang='lat' dir='ltr'><strong>quidem</strong></span> <span class='ocrx_word' id='word_1_60' title='bbox 1402 1317 1454 1380; x_wconf 89' lang='lat' dir='ltr'><strong>vel</strong></span> <span class='ocrx_word' id='word_1_61' title='bbox 1469 1336 1508 1380; x_wconf 89' lang='lat' dir='ltr'><strong>eo</strong></span> 
     </span>
     <span class='ocr_line' id='line_1_9' title="bbox 335 1411 1507 1495; baseline 0 -16"><span class='ocrx_word' id='word_1_62' title='bbox 335 1435 434 1491; x_wconf 90' lang='lat' dir='ltr'><strong>anno,</strong></span> <span class='ocrx_word' id='word_1_63' title='bbox 451 1416 504 1478; x_wconf 92' lang='lat' dir='ltr'><strong>vel</strong></span> <span class='ocrx_word' id='word_1_64' title='bbox 518 1416 629 1495; x_wconf 91' lang='lat' dir='ltr'><strong>potius</strong></span> <span class='ocrx_word' id='word_1_65' title='bbox 646 1413 746 1492; x_wconf 93' lang='lat' dir='ltr'><strong>paulo</strong></span> <span class='ocrx_word' id='word_1_66' title='bbox 762 1421 871 1487; x_wconf 88' lang='lat' dir='ltr'><strong>antea,</strong></span> <span class='ocrx_word' id='word_1_67' title='bbox 883 1411 993 1474; x_wconf 90' lang='lat' dir='ltr'><strong>locum</strong></span> <span class='ocrx_word' id='word_1_68' title='bbox 1008 1413 1168 1475; x_wconf 89' lang='lat' dir='ltr'><strong>habuisse</strong></span> <span class='ocrx_word' id='word_1_69' title='bbox 1183 1420 1324 1476; x_wconf 90' lang='lat' dir='ltr'><strong>constat.</strong></span> <span class='ocrx_word' id='word_1_70' title='bbox 1338 1417 1414 1494; x_wconf 87' lang='lat' dir='ltr'><strong>lpse</strong></span> <span class='ocrx_word' id='word_1_71' title='bbox 1428 1434 1507 1479; x_wconf 89' lang='lat' dir='ltr'><strong>vero</strong></span> 
     </span>
     <span class='ocr_line' id='line_1_10' title="bbox 333 1510 1507 1593; baseline -0.002 -16"><span class='ocrx_word' id='word_1_72' title='bbox 333 1514 478 1577; x_wconf 82' lang='lat' dir='ltr'><strong>Thomas</strong></span> <span class='ocrx_word' id='word_1_73' title='bbox 497 1532 533 1576; x_wconf 90' lang='lat' dir='ltr'><strong>se</strong></span> <span class='ocrx_word' id='word_1_74' title='bbox 554 1518 716 1591; x_wconf 85' lang='lat' dir='ltr'><strong>regnante</strong></span> <span class='ocrx_word' id='word_1_75' title='bbox 738 1510 905 1572; x_wconf 90' lang='lat' dir='ltr'><strong>Ludovico</strong></span> <span class='ocrx_word' id='word_1_76' title='bbox 927 1512 1041 1582; x_wconf 89' lang='lat' dir='ltr'><strong>Nouo,</strong></span> <span class='ocrx_word' id='word_1_77' title='bbox 1066 1511 1270 1573; x_wconf 81' lang='lat' dir='ltr'><strong>Francorum</strong></span> <span class='ocrx_word' id='word_1_78' title='bbox 1291 1530 1388 1591; x_wconf 84' lang='lat' dir='ltr'><strong>rege,</strong></span> <span class='ocrx_word' id='word_1_79' title='bbox 1413 1538 1426 1569; x_wconf 76' lang='lat' dir='ltr'><strong>a</strong></span> <span class='ocrx_word' id='word_1_80' title='bbox 1449 1513 1507 1593; x_wconf 85' lang='lat' dir='ltr'><strong>qui</strong></span> 
     </span>
     <span class='ocr_line' id='line_1_11' title="bbox 333 1608 1508 1689; baseline -0.001 -15"><span class='ocrx_word' id='word_1_81' title='bbox 333 1611 530 1674; x_wconf 83' lang='lat' dir='ltr'><strong>felicissime</strong></span> <span class='ocrx_word' id='word_1_82' title='bbox 551 1616 668 1689; x_wconf 86' lang='lat' dir='ltr'><strong>regnat</strong></span> <span class='ocrx_word' id='word_1_83' title='bbox 688 1610 729 1672; x_wconf 86' lang='lat' dir='ltr'><strong>ad</strong></span> <span class='ocrx_word' id='word_1_84' title='bbox 745 1627 892 1689; x_wconf 88' lang='lat' dir='ltr'><strong>praesens</strong></span> <span class='ocrx_word' id='word_1_85' title='bbox 905 1611 927 1684; x_wconf 82' lang='lat'><strong>³,</strong></span> <span class='ocrx_word' id='word_1_86' title='bbox 947 1633 960 1664; x_wconf 80' lang='lat' dir='ltr'><strong>r</strong></span> <span class='ocrx_word' id='word_1_87' title='bbox 979 1608 1125 1672; x_wconf 88' lang='lat' dir='ltr'><strong>seribere</strong></span> <span class='ocrx_word' id='word_1_88' title='bbox 1138 1609 1275 1686; x_wconf 82' lang='lat' dir='ltr'><strong>asserit3</strong></span> <span class='ocrx_word' id='word_1_89' title='bbox 1294 1609 1433 1688; x_wconf 88' lang='lat' dir='ltr'><strong>insuper</strong></span> <span class='ocrx_word' id='word_1_90' title='bbox 1448 1629 1508 1673; x_wconf 95' lang='lat' dir='ltr'><strong>no-</strong></span> 
     </span>
     <span class='ocr_line' id='line_1_12' title="bbox 334 1707 1507 1788; baseline -0.001 -14"><span class='ocrx_word' id='word_1_91' title='bbox 334 1720 404 1774; x_wconf 91' lang='lat' dir='ltr'><strong>tum</strong></span> <span class='ocrx_word' id='word_1_92' title='bbox 422 1718 472 1774; x_wconf 88' lang='lat' dir='ltr'><strong>est</strong></span> <span class='ocrx_word' id='word_1_93' title='bbox 487 1709 710 1772; x_wconf 89' lang='lat' dir='ltr'><strong>Humbertum</strong></span> <span class='ocrx_word' id='word_1_94' title='bbox 723 1707 932 1786; x_wconf 81' lang='lat' dir='ltr'><strong>magistrum,</strong></span> <span class='ocrx_word' id='word_1_95' title='bbox 949 1707 1003 1770; x_wconf 91' lang='lat' dir='ltr'><strong>cui</strong></span> <span class='ocrx_word' id='word_1_96' title='bbox 1016 1726 1099 1788; x_wconf 91' lang='lat' dir='ltr'><strong>opus</strong></span> <span class='ocrx_word' id='word_1_97' title='bbox 1115 1725 1213 1770; x_wconf 90' lang='lat' dir='ltr'><strong>suum</strong></span> <span class='ocrx_word' id='word_1_98' title='bbox 1227 1708 1404 1785; x_wconf 86' lang='lat' dir='ltr'><strong>dedicavit,</strong></span> <span class='ocrx_word' id='word_1_99' title='bbox 1419 1727 1507 1773; x_wconf 87' lang='lat' dir='ltr'><strong>anuo</strong></span> 
     </span>
     <span class='ocr_line' id='line_1_13' title="bbox 334 1805 950 1884; baseline -0.006 -14"><span class='ocrx_word' id='word_1_100' title='bbox 334 1809 536 1873; x_wconf 81' lang='lat' dir='ltr'>MCGLXIII</span> <span class='ocrx_word' id='word_1_101' title='bbox 552 1806 699 1869; x_wconf 86' lang='lat' dir='ltr'><strong>officium</strong></span> <span class='ocrx_word' id='word_1_102' title='bbox 713 1805 950 1884; x_wconf 83' lang='lat' dir='ltr'><strong>resignavisse.</strong></span> 
     </span>
    </p>

    <p class='ocr_par' dir='ltr' id='par_1_3' title="bbox 333 1905 1510 2476">
     <span class='ocr_line' id='line_1_14' title="bbox 374 1905 1508 1973; baseline -0.002 0"><span class='ocrx_word' id='word_1_103' title='bbox 374 1909 531 1973; x_wconf 86' lang='lat' dir='ltr'><strong>Ceterum</strong></span> <span class='ocrx_word' id='word_1_104' title='bbox 547 1923 663 1968; x_wconf 88' lang='lat' dir='ltr'><strong>verum</strong></span> <span class='ocrx_word' id='word_1_105' title='bbox 681 1914 731 1967; x_wconf 88' lang='lat' dir='ltr'><strong>est</strong></span> <span class='ocrx_word' id='word_1_106' title='bbox 751 1922 876 1966; x_wconf 88' lang='lat' dir='ltr'><strong>annum</strong></span> <span class='ocrx_word' id='word_1_107' title='bbox 891 1905 1018 1969; x_wconf 77' lang='lat' dir='ltr'><strong>Christi</strong></span> <span class='ocrx_word' id='word_1_108' title='bbox 1036 1905 1216 1973; x_wconf 84' lang='lat' dir='ltr'>MCCLXV</span> <span class='ocrx_word' id='word_1_109' title='bbox 1235 1907 1270 1969; x_wconf 92' lang='lat' dir='ltr'><strong>in</strong></span> <span class='ocrx_word' id='word_1_110' title='bbox 1290 1906 1446 1972; x_wconf 92' lang='lat' dir='ltr'><strong>omnibus</strong></span> <span class='ocrx_word' id='word_1_111' title='bbox 1464 1907 1508 1971; x_wconf 89' lang='lat' dir='ltr'><strong>iis</strong></span> 
     </span>
     <span class='ocr_line' id='line_1_15' title="bbox 334 2004 1508 2087; baseline 0 -18"><span class='ocrx_word' id='word_1_112' title='bbox 334 2007 517 2081; x_wconf 84' lang='lat' dir='ltr'><strong>codicibus,</strong></span> <span class='ocrx_word' id='word_1_113' title='bbox 532 2023 674 2086; x_wconf 86' lang='lat' dir='ltr'><strong>quorum</strong></span> <span class='ocrx_word' id='word_1_114' title='bbox 687 2004 729 2067; x_wconf 87' lang='lat' dir='ltr'><strong>ed</strong></span> <span class='ocrx_word' id='word_1_115' title='bbox 743 2022 804 2068; x_wconf 90' lang='lat' dir='ltr'><strong>nos</strong></span> <span class='ocrx_word' id='word_1_116' title='bbox 815 2005 968 2085; x_wconf 90' lang='lat' dir='ltr'><strong>pervenit</strong></span> <span class='ocrx_word' id='word_1_117' title='bbox 979 2005 1109 2080; x_wconf 88' lang='lat' dir='ltr'><strong>notitia,</strong></span> <span class='ocrx_word' id='word_1_118' title='bbox 1127 2007 1287 2087; x_wconf 90' lang='lat' dir='ltr'><strong>scriptum</strong></span> <span class='ocrx_word' id='word_1_119' title='bbox 1298 2007 1417 2082; x_wconf 87' lang='lat' dir='ltr'><strong>luisse,</strong></span> <span class='ocrx_word' id='word_1_120' title='bbox 1432 2025 1508 2069; x_wconf 90' lang='lat' dir='ltr'><strong>cum</strong></span> 
     </span>
     <span class='ocr_line' id='line_1_16' title="bbox 334 2093 1509 2186; baseline -0.002 -18"><span class='ocrx_word' id='word_1_121' title='bbox 334 2113 449 2168; x_wconf 85' lang='lat' dir='ltr'><strong>auctor</strong></span> <span class='ocrx_word' id='word_1_122' title='bbox 464 2105 504 2168; x_wconf 93' lang='lat' dir='ltr'><strong>de</strong></span> <span class='ocrx_word' id='word_1_123' title='bbox 522 2103 666 2186; x_wconf 84' lang='lat' dir='ltr'><strong>quadam</strong></span> <span class='ocrx_word' id='word_1_124' title='bbox 680 2105 701 2167; x_wconf 87' lang='lat' dir='ltr'><strong>J</strong></span> <span class='ocrx_word' id='word_1_125' title='bbox 703 2103 807 2176; x_wconf 86' lang='lat' dir='ltr'><strong>udaea,</strong></span> <span class='ocrx_word' id='word_1_126' title='bbox 824 2103 935 2166; x_wconf 87' lang='lat' dir='ltr'><strong>occisa</strong></span> <span class='ocrx_word' id='word_1_127' title='bbox 952 2110 984 2166; x_wconf 93' lang='lat' dir='ltr'><strong>et</strong></span> <span class='ocrx_word' id='word_1_128' title='bbox 1003 2104 1162 2166; x_wconf 90' lang='lat' dir='ltr'><strong>advitam</strong></span> <span class='ocrx_word' id='word_1_129' title='bbox 1177 2093 1346 2180; x_wconf 82' lang='lat' dir='ltr'><strong>revecat&#39;a,</strong></span> <span class='ocrx_word' id='word_1_130' title='bbox 1362 2105 1417 2168; x_wconf 90' lang='lat' dir='ltr'><strong>his</strong></span> <span class='ocrx_word' id='word_1_131' title='bbox 1432 2124 1509 2168; x_wconf 93' lang='lat' dir='ltr'><strong>ver-</strong></span> 
     </span>
     <span class='ocr_line' id='line_1_17' title="bbox 333 2201 1508 2283; baseline 0 -19"><span class='ocrx_word' id='word_1_132' title='bbox 333 2203 386 2265; x_wconf 89' lang='lat' dir='ltr'><strong>bis</strong></span> <span class='ocrx_word' id='word_1_133' title='bbox 406 2202 563 2283; x_wconf 87' lang='lat' dir='ltr'><strong>loquatur</strong></span> <span class='ocrx_word' id='word_1_134' title='bbox 587 2221 594 2262; x_wconf 94' lang='lat'>:</span> <span class='ocrx_word' id='word_1_135' title='bbox 615 2226 629 2258; x_wconf 72' lang='lat' dir='ltr'><strong>a</strong></span> <span class='ocrx_word' id='word_1_136' title='bbox 650 2203 769 2264; x_wconf 83' lang='lat' dir='ltr'><strong>Annus</strong></span> <span class='ocrx_word' id='word_1_137' title='bbox 789 2201 972 2276; x_wconf 75' lang='lat' dir='ltr'><strong>secundm,</strong></span> <span class='ocrx_word' id='word_1_138' title='bbox 989 2202 1034 2263; x_wconf 88' lang='lat' dir='ltr'><strong>M.</strong></span> <span class='ocrx_word' id='word_1_139' title='bbox 1054 2201 1183 2265; x_wconf 90' lang='lat' dir='ltr'><strong>scilicet</strong></span> <span class='ocrx_word' id='word_1_140' title='bbox 1201 2203 1345 2268; x_wconf 86' lang='lat' dir='ltr'>CCLXV</span> <span class='ocrx_word' id='word_1_141' title='bbox 1364 2221 1402 2266; x_wconf 93' lang='lat' dir='ltr'><strong>eo</strong></span> <span class='ocrx_word' id='word_1_142' title='bbox 1425 2211 1508 2266; x_wconf 93' lang='lat' dir='ltr'><strong>tem-</strong></span> 
     </span>
     <span class='ocr_line' id='line_1_18' title="bbox 333 2299 1510 2382; baseline -0.003 -18"><span class='ocrx_word' id='word_1_143' title='bbox 333 2319 413 2382; x_wconf 90' lang='lat' dir='ltr'><strong>pore</strong></span> <span class='ocrx_word' id='word_1_144' title='bbox 434 2300 638 2374; x_wconf 84' lang='lat' dir='ltr'><strong>volvebatur,</strong></span> <span class='ocrx_word' id='word_1_145' title='bbox 666 2317 731 2380; x_wconf 90' lang='lat' dir='ltr'><strong>quo</strong></span> <span class='ocrx_word' id='word_1_146' title='bbox 755 2299 829 2378; x_wconf 91' lang='lat' dir='ltr'><strong>ipsa</strong></span> <span class='ocrx_word' id='word_1_147' title='bbox 851 2299 964 2377; x_wconf 85' lang='lat' dir='ltr'><strong>Agnes</strong></span> <span class='ocrx_word' id='word_1_148' title='bbox 986 2317 1005 2361; x_wconf 90' lang='lat' dir='ltr'><strong>a</strong></span> <span class='ocrx_word' id='word_1_149' title='bbox 1030 2300 1146 2364; x_wconf 84' lang='lat' dir='ltr'><strong>Judaeo</strong></span> <span class='ocrx_word' id='word_1_150' title='bbox 1169 2300 1279 2364; x_wconf 89' lang='lat' dir='ltr'><strong>occisa</strong></span> <span class='ocrx_word' id='word_1_151' title='bbox 1304 2307 1370 2376; x_wconf 90' lang='lat' dir='ltr'><strong>est,</strong></span> <span class='ocrx_word' id='word_1_152' title='bbox 1392 2309 1429 2364; x_wconf 67' lang='lat' dir='ltr'><strong>&#39;et</strong></span> <span class='ocrx_word' id='word_1_153' title='bbox 1450 2319 1510 2382; x_wconf 90' lang='lat' dir='ltr'><strong>per</strong></span> 
     </span>
     <span class='ocr_line' id='line_1_19' title="bbox 334 2396 1508 2476; baseline 0.001 -17"><span class='ocrx_word' id='word_1_154' title='bbox 334 2398 514 2476; x_wconf 84' lang='lat' dir='ltr'><strong>gloriosam</strong></span> <span class='ocrx_word' id='word_1_155' title='bbox 528 2396 656 2460; x_wconf 86' lang='lat' dir='ltr'><strong>Christi</strong></span> <span class='ocrx_word' id='word_1_156' title='bbox 672 2403 812 2458; x_wconf 87' lang='lat' dir='ltr'><strong>matrem</strong></span> <span class='ocrx_word' id='word_1_157' title='bbox 827 2402 858 2458; x_wconf 92' lang='lat' dir='ltr'><strong>et</strong></span> <span class='ocrx_word' id='word_1_158' title='bbox 873 2397 1039 2474; x_wconf 85' lang='lat' dir='ltr'><strong>virginem</strong></span> <span class='ocrx_word' id='word_1_159' title='bbox 1052 2398 1246 2460; x_wconf 85' lang='lat' dir='ltr'><strong>suscitata⁴.</strong></span> <span class='ocrx_word' id='word_1_160' title='bbox 1262 2422 1276 2453; x_wconf 77' lang='lat' dir='ltr'><strong>a</strong></span> <span class='ocrx_word' id='word_1_161' title='bbox 1291 2399 1415 2460; x_wconf 86' lang='lat' dir='ltr'><strong>Locum</strong></span> <span class='ocrx_word' id='word_1_162' title='bbox 1429 2417 1508 2460; x_wconf 90' lang='lat' dir='ltr'><strong>vero</strong></span> 
     </span>
    </p>
   </div>
   <div class='ocr_carea' id='block_1_3' title="bbox 334 2493 1506 2671">
    <p class='ocr_par' dir='ltr' id='par_1_4' title="bbox 334 2493 1506 2671">
     <span class='ocr_line' id='line_1_20' title="bbox 334 2493 1506 2573; baseline -0.001 -16"><span class='ocrx_word' id='word_1_163' title='bbox 334 2513 429 2568; x_wconf 92' lang='lat' dir='ltr'><strong>eum,</strong></span> <span class='ocrx_word' id='word_1_164' title='bbox 450 2511 587 2573; x_wconf 90' lang='lat' dir='ltr'><strong>prorsus</strong></span> <span class='ocrx_word' id='word_1_165' title='bbox 608 2493 802 2566; x_wconf 90' lang='lat' dir='ltr'><strong>obscurum,</strong></span> <span class='ocrx_word' id='word_1_166' title='bbox 828 2511 1038 2573; x_wconf 88' lang='lat' dir='ltr'><strong>quocumque</strong></span> <span class='ocrx_word' id='word_1_167' title='bbox 1059 2495 1155 2556; x_wconf 90' lang='lat' dir='ltr'><strong>modo</strong></span> <span class='ocrx_word' id='word_1_168' title='bbox 1176 2493 1363 2573; x_wconf 88' lang='lat' dir='ltr'><strong>intelligas,</strong></span> <span class='ocrx_word' id='word_1_169' title='bbox 1385 2513 1506 2558; x_wconf 92' lang='lat' dir='ltr'><strong>caven-</strong></span> 
     </span>
     <span class='ocr_line' id='line_1_21' title="bbox 334 2588 1506 2671; baseline 0.003 -21"><span class='ocrx_word' id='word_1_170' title='bbox 334 2591 413 2652; x_wconf 90' lang='lat' dir='ltr'><strong>dum</strong></span> <span class='ocrx_word' id='word_1_171' title='bbox 428 2599 479 2652; x_wconf 90' lang='lat' dir='ltr'><strong>est</strong></span> <span class='ocrx_word' id='word_1_172' title='bbox 498 2590 688 2653; x_wconf 86' lang='lat' dir='ltr'><strong>Conrodum</strong></span> <span class='ocrx_word' id='word_1_173' title='bbox 706 2589 747 2651; x_wconf 92' lang='lat' dir='ltr'><strong>de</strong></span> <span class='ocrx_word' id='word_1_174' title='bbox 766 2588 996 2665; x_wconf 86' lang='lat' dir='ltr'><strong>Hoehstadeu‚</strong></span> <span class='ocrx_word' id='word_1_175' title='bbox 1019 2591 1305 2671; x_wconf 89' lang='lat' dir='ltr'><strong>archiepiscopum</strong></span> <span class='ocrx_word' id='word_1_176' title='bbox 1327 2591 1506 2655; x_wconf 90' lang='lat' dir='ltr'><strong>Colonien-</strong></span> 
     </span>
    </p>
   </div>
   <div class='ocr_carea' id='block_1_4' title="bbox 332 2687 1507 3155">
    <p class='ocr_par' dir='ltr' id='par_1_5' title="bbox 332 2687 1507 3155">
     <span class='ocr_line' id='line_1_22' title="bbox 334 2687 1507 2762; baseline 0.002 -14"><span class='ocrx_word' id='word_1_177' title='bbox 334 2705 422 2760; x_wconf 88' lang='lat' dir='ltr'><strong>scm,</strong></span> <span class='ocrx_word' id='word_1_178' title='bbox 441 2687 557 2748; x_wconf 89' lang='lat' dir='ltr'><strong>eadem</strong></span> <span class='ocrx_word' id='word_1_179' title='bbox 571 2687 745 2748; x_wconf 89' lang='lat' dir='ltr'><strong>occasione</strong></span> <span class='ocrx_word' id='word_1_180' title='bbox 765 2687 806 2746; x_wconf 90' lang='lat' dir='ltr'><strong>ab</strong></span> <span class='ocrx_word' id='word_1_181' title='bbox 822 2696 956 2748; x_wconf 89' lang='lat' dir='ltr'><strong>auctore</strong></span> <span class='ocrx_word' id='word_1_182' title='bbox 971 2688 1145 2749; x_wconf 89' lang='lat' dir='ltr'><strong>inductum</strong></span> <span class='ocrx_word' id='word_1_183' title='bbox 1165 2706 1256 2762; x_wconf 89' lang='lat' dir='ltr'><strong>essc;</strong></span> <span class='ocrx_word' id='word_1_184' title='bbox 1280 2689 1309 2750; x_wconf 89' lang='lat' dir='ltr'><strong>is</strong></span> <span class='ocrx_word' id='word_1_185' title='bbox 1324 2706 1402 2750; x_wconf 92' lang='lat' dir='ltr'><strong>vero</strong></span> <span class='ocrx_word' id='word_1_186' title='bbox 1420 2706 1507 2750; x_wconf 92' lang='lat' dir='ltr'><strong>anno</strong></span> 
     </span>
     <span class='ocr_line' id='line_1_23' title="bbox 333 2782 1506 2861; baseline 0.003 -18"><span class='ocrx_word' id='word_1_187' title='bbox 333 2782 518 2856; x_wconf 85' lang='lat' dir='ltr'><strong>MGCLXI,</strong></span> <span class='ocrx_word' id='word_1_188' title='bbox 536 2782 589 2844; x_wconf 89' lang='lat' dir='ltr'><strong>die</strong></span> <span class='ocrx_word' id='word_1_189' title='bbox 611 2783 809 2861; x_wconf 84' lang='lat' dir='ltr'><strong>septembris</strong></span> <span class='ocrx_word' id='word_1_190' title='bbox 829 2783 990 2844; x_wconf 86' lang='lat' dir='ltr'><strong>vicesima</strong></span> <span class='ocrx_word' id='word_1_191' title='bbox 1004 2792 1119 2844; x_wconf 87' lang='lat' dir='ltr'><strong>octava</strong></span> <span class='ocrx_word' id='word_1_192' title='bbox 1134 2784 1310 2846; x_wconf 81' lang='lat' dir='ltr'><strong>defunctus</strong></span> <span class='ocrx_word' id='word_1_193' title='bbox 1327 2791 1388 2846; x_wconf 90' lang='lat' dir='ltr'><strong>est.</strong></span> <span class='ocrx_word' id='word_1_194' title='bbox 1410 2784 1506 2846; x_wconf 85' lang='lat' dir='ltr'><strong>Unde</strong></span> 
     </span>
     <span class='ocr_line' id='line_1_24' title="bbox 333 2877 1504 2958; baseline 0.002 -18"><span class='ocrx_word' id='word_1_195' title='bbox 333 2877 558 2956; x_wconf 78' lang='lat' dir='ltr'><strong>colligendum</strong></span> <span class='ocrx_word' id='word_1_196' title='bbox 582 2885 647 2952; x_wconf 90' lang='lat' dir='ltr'><strong>est,</strong></span> <span class='ocrx_word' id='word_1_197' title='bbox 672 2877 724 2939; x_wconf 94' lang='lat' dir='ltr'><strong>vel</strong></span> <span class='ocrx_word' id='word_1_198' title='bbox 744 2878 906 2940; x_wconf 89' lang='lat' dir='ltr'><strong>Thomam</strong></span> <span class='ocrx_word' id='word_1_199' title='bbox 929 2879 1054 2958; x_wconf 88' lang='lat' dir='ltr'><strong>ipsum,</strong></span> <span class='ocrx_word' id='word_1_200' title='bbox 1078 2880 1157 2941; x_wconf 90' lang='lat' dir='ltr'><strong>dum</strong></span> <span class='ocrx_word' id='word_1_201' title='bbox 1178 2898 1304 2941; x_wconf 89' lang='lat' dir='ltr'><strong>annum</strong></span> <span class='ocrx_word' id='word_1_202' title='bbox 1328 2881 1504 2956; x_wconf 88' lang='lat' dir='ltr'><strong>scriberet,</strong></span> 
     </span>
     <span class='ocr_line' id='line_1_25' title="bbox 333 2975 1506 3066; baseline 0.004 -29"><span class='ocrx_word' id='word_1_203' title='bbox 333 2977 510 3051; x_wconf 84' lang='lat' dir='ltr'><strong>erravisse,</strong></span> <span class='ocrx_word' id='word_1_204' title='bbox 527 2975 581 3038; x_wconf 90' lang='lat' dir='ltr'><strong>vel</strong></span> <span class='ocrx_word' id='word_1_205' title='bbox 596 2994 743 3038; x_wconf 90' lang='lat' dir='ltr'><strong>errorem</strong></span> <span class='ocrx_word' id='word_1_206' title='bbox 764 2994 841 3038; x_wconf 92' lang='lat' dir='ltr'><strong>eum</strong></span> <span class='ocrx_word' id='word_1_207' title='bbox 862 2976 897 3037; x_wconf 92' lang='lat' dir='ltr'><strong>in</strong></span> <span class='ocrx_word' id='word_1_208' title='bbox 918 2976 1076 3057; x_wconf 86' lang='lat' dir='ltr'><strong>aliquem,</strong></span> <span class='ocrx_word' id='word_1_209' title='bbox 1094 2977 1184 3040; x_wconf 90' lang='lat' dir='ltr'><strong>unde</strong></span> <span class='ocrx_word' id='word_1_210' title='bbox 1206 2979 1308 3040; x_wconf 90' lang='lat' dir='ltr'><strong>ceteri</strong></span> <span class='ocrx_word' id='word_1_211' title='bbox 1329 2996 1506 3066; x_wconf 83' lang='lat' dir='ltr'><strong>emanave-</strong></span> 
     </span>
     <span class='ocr_line' id='line_1_26' title="bbox 332 3075 786 3155; baseline 0 -19"><span class='ocrx_word' id='word_1_212' title='bbox 332 3075 418 3150; x_wconf 87' lang='lat' dir='ltr'><strong>rint,</strong></span> <span class='ocrx_word' id='word_1_213' title='bbox 436 3075 583 3138; x_wconf 90' lang='lat' dir='ltr'><strong>codicem</strong></span> <span class='ocrx_word' id='word_1_214' title='bbox 596 3075 786 3155; x_wconf 88' lang='lat' dir='ltr'><strong>irrepsisse.</strong></span> 
     </span>
    </p>
   </div>
   <div class='ocr_carea' id='block_1_5' title="bbox 892 3397 947 3470">
    <p class='ocr_par' dir='ltr' id='par_1_6' title="bbox 892 3397 947 3470">
     <span class='ocr_line' id='line_1_27' title="bbox 892 3397 947 3470; baseline -0.018 0"><span class='ocrx_word' id='word_1_215' title='bbox 892 3397 947 3470; x_wconf 96' lang='lat' dir='ltr'><strong>lV</strong></span> 
     </span>
    </p>
   </div>
   <div class='ocr_carea' id='block_1_6' title="bbox 515 3661 1234 3721">
    <p class='ocr_par' dir='ltr' id='par_1_7' title="bbox 515 3661 1234 3721">
     <span class='ocr_line' id='line_1_28' title="bbox 515 3661 1234 3721; baseline 0.001 -2"><span class='ocrx_word' id='word_1_216' title='bbox 515 3685 516 3690; x_wconf 47' lang='lat'>¹</span> <span class='ocrx_word' id='word_1_217' title='bbox 598 3664 650 3720; x_wconf 87' lang='lat' dir='ltr'><strong>DE</strong></span> <span class='ocrx_word' id='word_1_218' title='bbox 677 3661 879 3719; x_wconf 87' lang='lat' dir='ltr'><strong>CODlClBUS</strong></span> <span class='ocrx_word' id='word_1_219' title='bbox 906 3663 1021 3720; x_wconf 78' lang='lat' dir='ltr'>MANU</span> <span class='ocrx_word' id='word_1_220' title='bbox 1049 3663 1234 3721; x_wconf 84' lang='lat' dir='ltr'>SCRIPTIS.</span> 
     </span>
    </p>
   </div>
   <div class='ocr_carea' id='block_1_7' title="bbox 329 3944 1504 4223">
    <p class='ocr_par' dir='ltr' id='par_1_8' title="bbox 329 3944 1504 4223">
     <span class='ocr_line' id='line_1_29' title="bbox 370 3944 1503 4028; baseline 0.004 -22"><span class='ocrx_word' id='word_1_221' title='bbox 370 3944 476 4023; x_wconf 84' lang='lat' dir='ltr'><strong>Opus,</strong></span> <span class='ocrx_word' id='word_1_222' title='bbox 498 3944 586 4006; x_wconf 91' lang='lat' dir='ltr'><strong>inter</strong></span> <span class='ocrx_word' id='word_1_223' title='bbox 608 3962 714 4008; x_wconf 89' lang='lat' dir='ltr'><strong>annos</strong></span> <span class='ocrx_word' id='word_1_224' title='bbox 738 3945 872 4010; x_wconf 88' lang='lat' dir='ltr'><strong>circiter</strong></span> <span class='ocrx_word' id='word_1_225' title='bbox 890 3945 1088 4011; x_wconf 87' lang='lat' dir='ltr'>MCCLVIII</span> <span class='ocrx_word' id='word_1_226' title='bbox 1106 3955 1138 4009; x_wconf 88' lang='lat' dir='ltr'><strong>et</strong></span> <span class='ocrx_word' id='word_1_227' title='bbox 1156 3947 1323 4011; x_wconf 83' lang='lat' dir='ltr'>MCCLXI</span> <span class='ocrx_word' id='word_1_228' title='bbox 1339 3949 1503 4028; x_wconf 89' lang='lat' dir='ltr'><strong>composi-</strong></span> 
     </span>
     <span class='ocr_line' id='line_1_30' title="bbox 330 4043 1504 4124; baseline 0.005 -20"><span class='ocrx_word' id='word_1_229' title='bbox 330 4052 416 4118; x_wconf 89' lang='lat' dir='ltr'><strong>tum,</strong></span> <span class='ocrx_word' id='word_1_230' title='bbox 438 4044 511 4122; x_wconf 90' lang='lat' dir='ltr'><strong>ipsa</strong></span> <span class='ocrx_word' id='word_1_231' title='bbox 533 4043 685 4105; x_wconf 89' lang='lat' dir='ltr'><strong>codicum</strong></span> <span class='ocrx_word' id='word_1_232' title='bbox 708 4062 811 4106; x_wconf 88' lang='lat' dir='ltr'><strong>manu</strong></span> <span class='ocrx_word' id='word_1_233' title='bbox 833 4045 1033 4124; x_wconf 89' lang='lat' dir='ltr'><strong>scriptorum</strong></span> <span class='ocrx_word' id='word_1_234' title='bbox 1055 4045 1234 4108; x_wconf 90' lang='lat' dir='ltr'><strong>multitudo</strong></span> <span class='ocrx_word' id='word_1_235' title='bbox 1258 4047 1462 4109; x_wconf 91' lang='lat' dir='ltr'><strong>demonstrat</strong></span> <span class='ocrx_word' id='word_1_236' title='bbox 1484 4065 1504 4110; x_wconf 89' lang='lat' dir='ltr'><strong>a</strong></span> 
     </span>
     <span class='ocr_line' id='line_1_31' title="bbox 329 4141 1504 4223; baseline 0.005 -23"><span class='ocrx_word' id='word_1_237' title='bbox 329 4141 505 4219; x_wconf 84' lang='lat' dir='ltr'><strong>principio,</strong></span> <span class='ocrx_word' id='word_1_238' title='bbox 521 4149 589 4202; x_wconf 90' lang='lat' dir='ltr'><strong>tam</strong></span> <span class='ocrx_word' id='word_1_239' title='bbox 604 4141 640 4202; x_wconf 89' lang='lat' dir='ltr'><strong>in</strong></span> <span class='ocrx_word' id='word_1_240' title='bbox 653 4141 764 4203; x_wconf 85' lang='lat' dir='ltr'><strong>Gallia</strong></span> <span class='ocrx_word' id='word_1_241' title='bbox 777 4161 877 4221; x_wconf 86' lang='lat' dir='ltr'><strong>quam</strong></span> <span class='ocrx_word' id='word_1_242' title='bbox 892 4143 928 4202; x_wconf 92' lang='lat' dir='ltr'><strong>in</strong></span> <span class='ocrx_word' id='word_1_243' title='bbox 940 4143 1093 4221; x_wconf 91' lang='lat' dir='ltr'><strong>pluribus</strong></span> <span class='ocrx_word' id='word_1_244' title='bbox 1107 4144 1184 4208; x_wconf 89' lang='lat' dir='ltr'><strong>aliis</strong></span> <span class='ocrx_word' id='word_1_245' title='bbox 1196 4145 1401 4223; x_wconf 84' lang='lat' dir='ltr'><strong>regionibus,</strong></span> <span class='ocrx_word' id='word_1_246' title='bbox 1416 4145 1504 4206; x_wconf 91' lang='lat' dir='ltr'><strong>mul-</strong></span> 
     </span>
    </p>
   </div>
   <div class='ocr_carea' id='block_1_8' title="bbox 329 4360 1502 4822">
    <p class='ocr_par' dir='ltr' id='par_1_9' title="bbox 329 4360 1502 4507">
     <span class='ocr_line' id='line_1_32' title="bbox 363 4360 1502 4430; baseline 0.006 -20"><span class='ocrx_word' id='word_1_247' title='bbox 363 4361 384 4410; x_wconf 93' lang='grc'><strong>1.</strong></span> <span class='ocrx_word' id='word_1_248' title='bbox 401 4361 502 4430; x_wconf 81' lang='lat' dir='ltr'><strong>Codex¹</strong></span> <span class='ocrx_word' id='word_1_249' title='bbox 514 4360 679 4412; x_wconf 72' lang='lat' dir='ltr'><strong>parisiensis</strong></span> <span class='ocrx_word' id='word_1_250' title='bbox 694 4363 797 4412; x_wconf 87' lang='lat' dir='ltr'><strong>latinus</strong></span> <span class='ocrx_word' id='word_1_251' title='bbox 812 4361 887 4426; x_wconf 81' lang='lat'><strong>³309,</strong></span> <span class='ocrx_word' id='word_1_252' title='bbox 903 4363 950 4412; x_wconf 81' lang='lat' dir='ltr'><strong>tol.</strong></span> <span class='ocrx_word' id='word_1_253' title='bbox 966 4363 1006 4413; x_wconf 97' lang='grc'><strong>111</strong></span> <span class='ocrx_word' id='word_1_254' title='bbox 1021 4372 1058 4426; x_wconf 79' lang='grc' dir='ltr'><strong>ν’,</strong></span> <span class='ocrx_word' id='word_1_255' title='bbox 1074 4363 1104 4426; x_wconf 70' lang='lat'><strong>25</strong></span> <span class='ocrx_word' id='word_1_256' title='bbox 1120 4365 1155 4414; x_wconf 83' lang='lat' dir='ltr'><strong>ci.</strong></span> <span class='ocrx_word' id='word_1_257' title='bbox 1174 4364 1331 4417; x_wconf 85' lang='lat' dir='ltr'><strong>Colvenorii</strong></span> <span class='ocrx_word' id='word_1_258' title='bbox 1344 4366 1502 4418; x_wconf 85' lang='lat' dir='ltr'><strong>adnotatio·</strong></span> 
     </span>
     <span class='ocr_line' id='line_1_33' title="bbox 329 4442 983 4507; baseline 0.009 -17"><span class='ocrx_word' id='word_1_259' title='bbox 329 4456 379 4492; x_wconf 86' lang='lat' dir='ltr'><strong>nas</strong></span> <span class='ocrx_word' id='word_1_260' title='bbox 395 4443 428 4491; x_wconf 89' lang='lat' dir='ltr'><strong>ad</strong></span> <span class='ocrx_word' id='word_1_261' title='bbox 443 4442 594 4492; x_wconf 84' lang='lat' dir='ltr'><strong>editionem</strong></span> <span class='ocrx_word' id='word_1_262' title='bbox 608 4456 681 4492; x_wconf 85' lang='lat' dir='ltr'><strong>anno</strong></span> <span class='ocrx_word' id='word_1_263' title='bbox 698 4442 757 4493; x_wconf 76' lang='grc'>1617</span> <span class='ocrx_word' id='word_1_264' title='bbox 772 4442 872 4504; x_wconf 85' lang='lat' dir='ltr'><strong>datam,</strong></span> <span class='ocrx_word' id='word_1_265' title='bbox 886 4459 911 4507; x_wconf 91' lang='lat' dir='ltr'><strong>p.</strong></span> <span class='ocrx_word' id='word_1_266' title='bbox 931 4444 983 4496; x_wconf 88' lang='grc'>161.</span> 
     </span>
    </p>

    <p class='ocr_par' dir='ltr' id='par_1_10' title="bbox 329 4522 1500 4668">
     <span class='ocr_line' id='line_1_34' title="bbox 358 4522 1500 4591; baseline 0.004 -19"><span class='ocrx_word' id='word_1_267' title='bbox 358 4522 382 4574; x_wconf 72' lang='lat'><strong>2.</strong></span> <span class='ocrx_word' id='word_1_268' title='bbox 399 4523 430 4572; x_wconf 93' lang='lat' dir='ltr'><strong>ln</strong></span> <span class='ocrx_word' id='word_1_269' title='bbox 445 4523 533 4572; x_wconf 86' lang='lat' dir='ltr'><strong>tribus</strong></span> <span class='ocrx_word' id='word_1_270' title='bbox 549 4522 603 4573; x_wconf 85' lang='lat' dir='ltr'><strong>illis</strong></span> <span class='ocrx_word' id='word_1_271' title='bbox 618 4523 749 4573; x_wconf 83' lang='lat' dir='ltr'><strong>videlicet</strong></span> <span class='ocrx_word' id='word_1_272' title='bbox 761 4523 943 4586; x_wconf 85' lang='lat' dir='ltr'><strong>editionibus,</strong></span> <span class='ocrx_word' id='word_1_273' title='bbox 957 4539 1066 4575; x_wconf 85' lang='lat' dir='ltr'><strong>necnon</strong></span> <span class='ocrx_word' id='word_1_274' title='bbox 1083 4527 1111 4575; x_wconf 90' lang='lat' dir='ltr'><strong>in</strong></span> <span class='ocrx_word' id='word_1_275' title='bbox 1126 4526 1248 4591; x_wconf 86' lang='lat' dir='ltr'><strong>antiquis</strong></span> <span class='ocrx_word' id='word_1_276' title='bbox 1262 4527 1500 4589; x_wconf 86' lang='lat' dir='ltr'><strong>translationibus,</strong></span> 
     </span>
     <span class='ocr_line' id='line_1_35' title="bbox 329 4601 1025 4668; baseline 0.006 -16"><span class='ocrx_word' id='word_1_277' title='bbox 329 4616 392 4665; x_wconf 76' lang='lat' dir='ltr'><strong>qum</strong></span> <span class='ocrx_word' id='word_1_278' title='bbox 408 4601 471 4652; x_wconf 82' lang='lat' dir='ltr'><strong>XV·</strong></span> <span class='ocrx_word' id='word_1_279' title='bbox 486 4608 513 4652; x_wconf 87' lang='lat' dir='ltr'><strong>et</strong></span> <span class='ocrx_word' id='word_1_280' title='bbox 526 4601 601 4653; x_wconf 84' lang='lat' dir='ltr'><strong>xvt·</strong></span> <span class='ocrx_word' id='word_1_281' title='bbox 615 4603 726 4654; x_wconf 79' lang='lat' dir='ltr'><strong>saeculis</strong></span> <span class='ocrx_word' id='word_1_282' title='bbox 741 4603 770 4652; x_wconf 90' lang='lat' dir='ltr'><strong>ln</strong></span> <span class='ocrx_word' id='word_1_283' title='bbox 784 4604 874 4654; x_wconf 84' lang='lat' dir='ltr'><strong>lucam</strong></span> <span class='ocrx_word' id='word_1_284' title='bbox 887 4603 1025 4668; x_wconf 78' lang='lat' dir='ltr'><strong>prodicus.</strong></span> 
     </span>
    </p>

    <p class='ocr_par' dir='ltr' id='par_1_11' title="bbox 361 4681 585 4746">
     <span class='ocr_line' id='line_1_36' title="bbox 361 4681 585 4746; baseline -0.009 -14"><span class='ocrx_word' id='word_1_285' title='bbox 361 4681 585 4746; x_wconf 61' lang='lat' dir='ltr'><strong>&amp;mamm</strong></span> 
     </span>
    </p>

    <p class='ocr_par' dir='ltr' id='par_1_12' title="bbox 361 4758 715 4822">
     <span class='ocr_line' id='line_1_37' title="bbox 361 4758 715 4822; baseline 0.008 -13"><span class='ocrx_word' id='word_1_286' title='bbox 361 4758 384 4809; x_wconf 85' lang='grc'><strong>1.</strong></span> <span class='ocrx_word' id='word_1_287' title='bbox 400 4759 435 4821; x_wconf 89' lang='grc'><strong>11,</strong></span> <span class='ocrx_word' id='word_1_288' title='bbox 452 4772 531 4822; x_wconf 83' lang='lat' dir='ltr'><strong>xxtx,</strong></span> <span class='ocrx_word' id='word_1_289' title='bbox 546 4760 573 4810; x_wconf 78' lang='grc'><strong>11</strong></span> <span class='ocrx_word' id='word_1_290' title='bbox 588 4759 628 4822; x_wconf 86' lang='lat' dir='ltr'><strong>(in</strong></span> <span class='ocrx_word' id='word_1_291' title='bbox 642 4761 715 4821; x_wconf 77' lang='lat' dir='ltr'><strong>dns).</strong></span> 
     </span>
    </p>
   </div>
   <div class='ocr_carea' id='block_1_9' title="bbox 0 0 1826 5450">
    <p class='ocr_par' dir='ltr' id='par_1_13' title="bbox 0 0 1826 5450">
     <span class='ocr_line' id='line_1_38' title="bbox 0 0 1826 5450; baseline 0 2"><span class='ocrx_word' id='word_1_292' title='bbox 0 0 1826 5450; x_wconf 95' lang='lat' dir='ltr'><strong> </strong></span> 
     </span>
    </p>
   </div>
  </div>
 </body>
</html>
