<?xml version="1.0" encoding="UTF-8"?>
<!DOCTYPE html PUBLIC "-//W3C//DTD XHTML 1.0 Transitional//EN"
    "http://www.w3.org/TR/xhtml1/DTD/xhtml1-transitional.dtd">
<html xmlns="http://www.w3.org/1999/xhtml" xml:lang="en" lang="en">
 <head>
  <title>
</title>
<meta http-equiv="Content-Type" content="text/html;charset=utf-8" />
  <meta name='ocr-system' content='tesseract 3.04.00' />
  <meta name='ocr-capabilities' content='ocr_page ocr_carea ocr_par ocr_line ocrx_word'/>
</head>
<body>
  <div class='ocr_page' id='page_1' title='image "./thomaecantiprat00berggoog_0072.png"; bbox 0 0 3644 5450; ppageno 0'>
   <div class='ocr_carea' id='block_1_1' title="bbox 840 531 1000 593">
    <p class='ocr_par' dir='ltr' id='par_1_1' title="bbox 840 531 1000 593">
     <span class='ocr_line' id='line_1_1' title="bbox 840 531 1000 593; baseline 0 -15"><span class='ocrx_word' id='word_1_1' title='bbox 840 531 1000 593; x_wconf 73' lang='lat'>...57-</span> 
     </span>
    </p>
   </div>
   <div class='ocr_carea' id='block_1_2' title="bbox 298 660 1569 4178">
    <p class='ocr_par' dir='ltr' id='par_1_2' title="bbox 329 660 1515 1719">
     <span class='ocr_line' id='line_1_2' title="bbox 332 660 1506 744; baseline 0.003 -23"><span class='ocrx_word' id='word_1_2' title='bbox 332 660 407 722; x_wconf 90' lang='lat' dir='ltr'>dam</span> <span class='ocrx_word' id='word_1_3' title='bbox 417 661 668 741; x_wconf 78' lang='lat' dir='ltr'>praedicatorem</span> <span class='ocrx_word' id='word_1_4' title='bbox 683 663 834 726; x_wconf 81' lang='lat' dir='ltr'>reserens</span> <span class='ocrx_word' id='word_1_5' title='bbox 849 663 912 727; x_wconf 90' lang='lat' dir='ltr'>hec</span> <span class='ocrx_word' id='word_1_6' title='bbox 925 664 959 725; x_wconf 92' lang='lat' dir='ltr'>in</span> <span class='ocrx_word' id='word_1_7' title='bbox 977 682 1015 727; x_wconf 90' lang='lat' dir='ltr'>eo</span> <span class='ocrx_word' id='word_1_8' title='bbox 1028 663 1341 744; x_wconf 90' lang='lat' dir='ltr'>reprehendendum</span> <span class='ocrx_word' id='word_1_9' title='bbox 1360 661 1506 736; x_wconf 86' lang='lat' dir='ltr'>duxisse,</span> 
     </span>
     <span class='ocr_line' id='line_1_3' title="bbox 332 759 1507 841; baseline 0.001 -22"><span class='ocrx_word' id='word_1_10' title='bbox 332 759 420 838; x_wconf 89' lang='lat' dir='ltr'>quod</span> <span class='ocrx_word' id='word_1_11' title='bbox 435 759 560 822; x_wconf 86' lang='lat' dir='ltr'>vilibus</span> <span class='ocrx_word' id='word_1_12' title='bbox 575 765 727 824; x_wconf 89' lang='lat' dir='ltr'>uteretur</span> <span class='ocrx_word' id='word_1_13' title='bbox 741 761 904 836; x_wconf 86' lang='lat' dir='ltr'>vestibus,</span> <span class='ocrx_word' id='word_1_14' title='bbox 922 779 983 824; x_wconf 91' lang='lat' dir='ltr'>nec</span> <span class='ocrx_word' id='word_1_15' title='bbox 1003 769 1207 841; x_wconf 90' lang='lat' dir='ltr'>purpuratus</span> <span class='ocrx_word' id='word_1_16' title='bbox 1221 760 1406 833; x_wconf 76' lang='lat' dir='ltr'>incederet,</span> <span class='ocrx_word' id='word_1_17' title='bbox 1424 759 1507 822; x_wconf 93' lang='lat' dir='ltr'>etin</span> 
     </span>
     <span class='ocr_line' id='line_1_4' title="bbox 332 856 1507 936; baseline 0.001 -18"><span class='ocrx_word' id='word_1_18' title='bbox 332 857 508 920; x_wconf 88' lang='lat' dir='ltr'>audiendis</span> <span class='ocrx_word' id='word_1_19' title='bbox 533 857 647 920; x_wconf 89' lang='lat' dir='ltr'>missis</span> <span class='ocrx_word' id='word_1_20' title='bbox 670 858 772 921; x_wconf 90' lang='lat' dir='ltr'>nimis</span> <span class='ocrx_word' id='word_1_21' title='bbox 792 858 1033 933; x_wconf 86' lang='lat' dir='ltr'>delectaretur;</span> <span class='ocrx_word' id='word_1_22' title='bbox 1059 883 1072 915; x_wconf 86' lang='lat'>«</span> <span class='ocrx_word' id='word_1_23' title='bbox 1094 856 1280 920; x_wconf 80' lang='lat' dir='ltr'>mortaliter</span> <span class='ocrx_word' id='word_1_24' title='bbox 1297 863 1409 920; x_wconf 91' lang='lat' dir='ltr'>autem</span> <span class='ocrx_word' id='word_1_25' title='bbox 1429 873 1507 936; x_wconf 89' lang='lat' dir='ltr'>pec-</span> 
     </span>
     <span class='ocr_line' id='line_1_5' title="bbox 331 954 1506 1038; baseline -0.003 -19"><span class='ocrx_word' id='word_1_26' title='bbox 331 975 406 1019; x_wconf 85' lang='lat' dir='ltr'>care</span> <span class='ocrx_word' id='word_1_27' title='bbox 426 956 557 1020; x_wconf 88' lang='lat' dir='ltr'>dicebat</span> <span class='ocrx_word' id='word_1_28' title='bbox 576 976 692 1022; x_wconf 83' lang='lat' dir='ltr'>ornnes</span> <span class='ocrx_word' id='word_1_29' title='bbox 709 957 786 1021; x_wconf 89' lang='lat' dir='ltr'>illos</span> <span class='ocrx_word' id='word_1_30' title='bbox 807 957 939 1038; x_wconf 85' lang='lat' dir='ltr'>(iratres</span> <span class='ocrx_word' id='word_1_31' title='bbox 956 957 1195 1020; x_wconf 75' lang='lat' dir='ltr'>Prardicatores</span> <span class='ocrx_word' id='word_1_32' title='bbox 1211 954 1427 1036; x_wconf 84' lang='lat' dir='ltr'>intelligens),</span> <span class='ocrx_word' id='word_1_33' title='bbox 1448 955 1506 1035; x_wconf 84' lang='lat' dir='ltr'>qni</span> 
     </span>
     <span class='ocr_line' id='line_1_6' title="bbox 330 1053 1507 1139; baseline 0 -25"><span class='ocrx_word' id='word_1_34' title='bbox 330 1053 456 1116; x_wconf 92' lang='lat' dir='ltr'>dictum</span> <span class='ocrx_word' id='word_1_35' title='bbox 471 1073 584 1135; x_wconf 85' lang='lat' dir='ltr'>regem</span> <span class='ocrx_word' id='word_1_36' title='bbox 601 1056 799 1120; x_wconf 87' lang='lat' dir='ltr'>inducerent</span> <span class='ocrx_word' id='word_1_37' title='bbox 813 1057 855 1119; x_wconf 91' lang='lat' dir='ltr'>ad</span> <span class='ocrx_word' id='word_1_38' title='bbox 867 1057 969 1139; x_wconf 88' lang='lat' dir='ltr'>hujus</span> <span class='ocrx_word' id='word_1_39' title='bbox 983 1056 1071 1118; x_wconf 89' lang='lat' dir='ltr'>modi</span> <span class='ocrx_word' id='word_1_40' title='bbox 1085 1055 1271 1118; x_wconf 90' lang='lat' dir='ltr'>devotionis</span> <span class='ocrx_word' id='word_1_41' title='bbox 1287 1059 1320 1117; x_wconf 91' lang='lat' dir='ltr'>et</span> <span class='ocrx_word' id='word_1_42' title='bbox 1331 1054 1507 1116; x_wconf 87' lang='lat' dir='ltr'>humilita-</span> 
     </span>
     <span class='ocr_line' id='line_1_7' title="bbox 330 1151 1504 1235; baseline 0.003 -24"><span class='ocrx_word' id='word_1_43' title='bbox 330 1151 373 1212; x_wconf 88' lang='lat' dir='ltr'>tis</span> <span class='ocrx_word' id='word_1_44' title='bbox 396 1152 556 1232; x_wconf 85' lang='lat' dir='ltr'>exempla.</span> <span class='ocrx_word' id='word_1_45' title='bbox 577 1177 590 1209; x_wconf 74' lang='lat' dir='ltr'>r</span> <span class='ocrx_word' id='word_1_46' title='bbox 607 1153 660 1215; x_wconf 92' lang='lat' dir='ltr'>Ad</span> <span class='ocrx_word' id='word_1_47' title='bbox 674 1172 747 1235; x_wconf 85' lang='lat' dir='ltr'>quae</span> <span class='ocrx_word' id='word_1_48' title='bbox 769 1162 893 1228; x_wconf 89' lang='lat' dir='ltr'>noster,</span> <span class='ocrx_word' id='word_1_49' title='bbox 912 1154 948 1214; x_wconf 90' lang='lat' dir='ltr'>in</span> <span class='ocrx_word' id='word_1_50' title='bbox 968 1153 1055 1215; x_wconf 85' lang='lat' dir='ltr'>iram</span> <span class='ocrx_word' id='word_1_51' title='bbox 1074 1153 1164 1215; x_wconf 94' lang='lat' dir='ltr'>haud</span> <span class='ocrx_word' id='word_1_52' title='bbox 1185 1151 1353 1214; x_wconf 90' lang='lat' dir='ltr'>immerito</span> <span class='ocrx_word' id='word_1_53' title='bbox 1375 1169 1504 1227; x_wconf 75' lang='lat' dir='ltr'>verene,</span> 
     </span>
     <span class='ocr_line' id='line_1_8' title="bbox 329 1249 1507 1330; baseline 0 -21"><span class='ocrx_word' id='word_1_54' title='bbox 329 1249 507 1327; x_wconf 89' lang='lat' dir='ltr'>respondet</span> <span class='ocrx_word' id='word_1_55' title='bbox 529 1249 738 1330; x_wconf 85' lang='lat' dir='ltr'>Philippum,</span> <span class='ocrx_word' id='word_1_56' title='bbox 761 1250 1043 1329; x_wconf 79' lang='lat' dir='ltr'>gloriosissimum</span> <span class='ocrx_word' id='word_1_57' title='bbox 1065 1269 1193 1328; x_wconf 84' lang='lat' dir='ltr'>regem,</span> <span class='ocrx_word' id='word_1_58' title='bbox 1216 1249 1325 1312; x_wconf 90' lang='lat' dir='ltr'>sancti</span> <span class='ocrx_word' id='word_1_59' title='bbox 1345 1249 1507 1310; x_wconf 89' lang='lat' dir='ltr'>Ludoviei</span> 
     </span>
     <span class='ocr_line' id='line_1_9' title="bbox 330 1345 1515 1436; baseline -0.001 -30"><span class='ocrx_word' id='word_1_60' title='bbox 330 1363 446 1420; x_wconf 87' lang='lat' dir='ltr'>avum,</span> <span class='ocrx_word' id='word_1_61' title='bbox 475 1347 673 1410; x_wconf 82' lang='lat' dir='ltr'>«nonnisi</span> <span class='ocrx_word' id='word_1_62' title='bbox 699 1348 856 1410; x_wconf 88' lang='lat' dir='ltr'>camelini</span> <span class='ocrx_word' id='word_1_63' title='bbox 885 1348 1006 1410; x_wconf 91' lang='lat' dir='ltr'>coloris</span> <span class='ocrx_word' id='word_1_64' title='bbox 1035 1347 1185 1410; x_wconf 88' lang='lat' dir='ltr'>vestibus</span> <span class='ocrx_word' id='word_1_65' title='bbox 1207 1345 1401 1409; x_wconf 85' lang='lat' dir='ltr'>indiscretis</span> <span class='ocrx_word' id='word_1_66' title='bbox 1425 1345 1515 1436; x_wconf 39' lang='lat' dir='ltr'>anni„</span> 
     </span>
     <span class='ocr_line' id='line_1_10' title="bbox 329 1442 1503 1526; baseline 0.001 -23"><span class='ocrx_word' id='word_1_67' title='bbox 329 1442 573 1522; x_wconf 76' lang='lat' dir='ltr'>temporibus»</span> <span class='ocrx_word' id='word_1_68' title='bbox 603 1463 704 1507; x_wconf 92' lang='lat' dir='ltr'>usum</span> <span class='ocrx_word' id='word_1_69' title='bbox 733 1463 824 1520; x_wconf 91' lang='lat' dir='ltr'>esse,</span> <span class='ocrx_word' id='word_1_70' title='bbox 853 1444 1011 1526; x_wconf 87' lang='lat' dir='ltr'>additque</span> <span class='ocrx_word' id='word_1_71' title='bbox 1042 1463 1078 1507; x_wconf 90' lang='lat' dir='ltr'>se</span> <span class='ocrx_word' id='word_1_72' title='bbox 1099 1444 1304 1506; x_wconf 84' lang='lat' dir='ltr'>Ludovicum</span> <span class='ocrx_word' id='word_1_73' title='bbox 1326 1444 1503 1516; x_wconf 88' lang='lat' dir='ltr'>Octavum,</span> 
     </span>
     <span class='ocr_line' id='line_1_11' title="bbox 330 1540 1504 1624; baseline -0.002 -22"><span class='ocrx_word' id='word_1_74' title='bbox 330 1540 438 1603; x_wconf 87' lang='lat' dir='ltr'>sancti</span> <span class='ocrx_word' id='word_1_75' title='bbox 452 1540 614 1605; x_wconf 88' lang='lat' dir='ltr'>Ludovici</span> <span class='ocrx_word' id='word_1_76' title='bbox 629 1548 774 1622; x_wconf 86' lang='lat' dir='ltr'>patrem,</span> <span class='ocrx_word' id='word_1_77' title='bbox 795 1568 810 1600; x_wconf 75' lang='lat' dir='ltr'>u</span> <span class='ocrx_word' id='word_1_78' title='bbox 833 1561 926 1624; x_wconf 87' lang='lat' dir='ltr'>aeque</span> <span class='ocrx_word' id='word_1_79' title='bbox 946 1561 1059 1623; x_wconf 85' lang='lat' dir='ltr'>regem</span> <span class='ocrx_word' id='word_1_80' title='bbox 1079 1541 1262 1621; x_wconf 84' lang='lat' dir='ltr'>gloriosum</span> <span class='ocrx_word' id='word_1_81' title='bbox 1281 1547 1314 1604; x_wconf 92' lang='lat' dir='ltr'>et</span> <span class='ocrx_word' id='word_1_82' title='bbox 1334 1540 1458 1603; x_wconf 88' lang='lat' dir='ltr'>honum</span> <span class='ocrx_word' id='word_1_83' title='bbox 1477 1563 1504 1614; x_wconf 73' lang='lat' dir='ltr'>e,</span> 
     </span>
     <span class='ocr_line' id='line_1_12' title="bbox 330 1637 916 1719; baseline 0.003 -20"><span class='ocrx_word' id='word_1_84' title='bbox 330 1655 504 1718; x_wconf 86' lang='lat' dir='ltr'>nunquam</span> <span class='ocrx_word' id='word_1_85' title='bbox 520 1637 646 1703; x_wconf 89' lang='lat' dir='ltr'>vidisse</span> <span class='ocrx_word' id='word_1_86' title='bbox 660 1647 882 1719; x_wconf 89' lang='lat' dir='ltr'>purpuratum</span> <span class='ocrx_word' id='word_1_87' title='bbox 894 1643 916 1701; x_wconf 94' lang='lat'>¹.</span> 
     </span>
    </p>

    <p class='ocr_par' dir='ltr' id='par_1_3' title="bbox 328 1736 1507 2996">
     <span class='ocr_line' id='line_1_13' title="bbox 368 1736 1507 1816; baseline -0.001 -18"><span class='ocrx_word' id='word_1_88' title='bbox 368 1736 551 1800; x_wconf 81' lang='lat' dir='ltr'>Maximam</span> <span class='ocrx_word' id='word_1_89' title='bbox 565 1737 796 1816; x_wconf 85' lang='lat' dir='ltr'>Beguinarum</span> <span class='ocrx_word' id='word_1_90' title='bbox 812 1738 1063 1802; x_wconf 86' lang='lat' dir='ltr'>multitudinem</span> <span class='ocrx_word' id='word_1_91' title='bbox 1084 1745 1233 1802; x_wconf 88' lang='lat' dir='ltr'>asancto</span> <span class='ocrx_word' id='word_1_92' title='bbox 1250 1736 1418 1800; x_wconf 87' lang='lat' dir='ltr'>Ludovico</span> <span class='ocrx_word' id='word_1_93' title='bbox 1440 1738 1507 1797; x_wconf 88' lang='lat' dir='ltr'>Lu-</span> 
     </span>
     <span class='ocr_line' id='line_1_14' title="bbox 328 1833 1507 1915; baseline -0.001 -19"><span class='ocrx_word' id='word_1_94' title='bbox 328 1834 417 1898; x_wconf 80' lang='lat' dir='ltr'>tetiae</span> <span class='ocrx_word' id='word_1_95' title='bbox 431 1834 640 1898; x_wconf 87' lang='lat' dir='ltr'>Parisiorum</span> <span class='ocrx_word' id='word_1_96' title='bbox 655 1843 889 1915; x_wconf 80' lang='lat' dir='ltr'>congregatum</span> <span class='ocrx_word' id='word_1_97' title='bbox 901 1855 974 1900; x_wconf 90' lang='lat' dir='ltr'>esse</span> <span class='ocrx_word' id='word_1_98' title='bbox 990 1844 1022 1899; x_wconf 92' lang='lat' dir='ltr'>et</span> <span class='ocrx_word' id='word_1_99' title='bbox 1036 1836 1181 1898; x_wconf 88' lang='lat' dir='ltr'>Thomas</span> <span class='ocrx_word' id='word_1_100' title='bbox 1196 1833 1464 1914; x_wconf 76' lang='lat' dir='ltr'>cantipratensis</span> <span class='ocrx_word' id='word_1_101' title='bbox 1475 1841 1507 1896; x_wconf 89' lang='lat' dir='ltr'>et</span> 
     </span>
     <span class='ocr_line' id='line_1_15' title="bbox 329 1925 1504 2015; baseline 0.001 -22"><span class='ocrx_word' id='word_1_102' title='bbox 329 1930 388 1994; x_wconf 90' lang='lat' dir='ltr'>alii</span> <span class='ocrx_word' id='word_1_103' title='bbox 409 1931 555 1996; x_wconf 87' lang='lat' dir='ltr'>retulere</span> <span class='ocrx_word' id='word_1_104' title='bbox 571 1939 595 1994; x_wconf 78' lang='lat'>².</span> <span class='ocrx_word' id='word_1_105' title='bbox 619 1936 690 1998; x_wconf 89' lang='lat' dir='ltr'>Hoc</span> <span class='ocrx_word' id='word_1_106' title='bbox 709 1954 788 1998; x_wconf 89' lang='lat' dir='ltr'>vero</span> <span class='ocrx_word' id='word_1_107' title='bbox 807 1953 921 2014; x_wconf 81' lang='lat' dir='ltr'>regem</span> <span class='ocrx_word' id='word_1_108' title='bbox 938 1937 1143 2015; x_wconf 85' lang='lat' dir='ltr'>fratremque</span> <span class='ocrx_word' id='word_1_109' title='bbox 1167 1933 1261 1996; x_wconf 93' lang='lat' dir='ltr'>illius</span> <span class='ocrx_word' id='word_1_110' title='bbox 1282 1925 1504 2012; x_wconf 80' lang='lat' dir='ltr'>Alphonsum,</span> 
     </span>
     <span class='ocr_line' id='line_1_16' title="bbox 331 2030 1504 2111; baseline -0.003 -19"><span class='ocrx_word' id='word_1_111' title='bbox 331 2030 565 2094; x_wconf 83' lang='lat' dir='ltr'>Pictavensem</span> <span class='ocrx_word' id='word_1_112' title='bbox 582 2033 753 2107; x_wconf 90' lang='lat' dir='ltr'>comitem,</span> <span class='ocrx_word' id='word_1_113' title='bbox 776 2032 812 2093; x_wconf 90' lang='lat' dir='ltr'>iu</span> <span class='ocrx_word' id='word_1_114' title='bbox 833 2033 952 2111; x_wconf 92' lang='lat' dir='ltr'>primis</span> <span class='ocrx_word' id='word_1_115' title='bbox 971 2032 1155 2095; x_wconf 88' lang='lat' dir='ltr'>laudandos</span> <span class='ocrx_word' id='word_1_116' title='bbox 1178 2031 1360 2093; x_wconf 87' lang='lat' dir='ltr'>arbitratur</span> <span class='ocrx_word' id='word_1_117' title='bbox 1380 2037 1504 2103; x_wconf 86' lang='lat' dir='ltr'>noster,</span> 
     </span>
     <span class='ocr_line' id='line_1_17' title="bbox 330 2124 1506 2210; baseline -0.002 -21"><span class='ocrx_word' id='word_1_118' title='bbox 330 2127 419 2207; x_wconf 88' lang='lat' dir='ltr'>qued</span> <span class='ocrx_word' id='word_1_119' title='bbox 447 2129 483 2190; x_wconf 91' lang='lat' dir='ltr'>in</span> <span class='ocrx_word' id='word_1_120' title='bbox 512 2128 573 2190; x_wconf 91' lang='lat' dir='ltr'>illa</span> <span class='ocrx_word' id='word_1_121' title='bbox 597 2129 675 2204; x_wconf 87' lang='lat' dir='ltr'>lite,</span> <span class='ocrx_word' id='word_1_122' title='bbox 701 2149 774 2210; x_wconf 84' lang='lat' dir='ltr'>quae</span> <span class='ocrx_word' id='word_1_123' title='bbox 798 2131 887 2194; x_wconf 92' lang='lat' dir='ltr'>inter</span> <span class='ocrx_word' id='word_1_124' title='bbox 911 2131 1148 2193; x_wconf 88' lang='lat' dir='ltr'>Dominicanes</span> <span class='ocrx_word' id='word_1_125' title='bbox 1179 2134 1210 2192; x_wconf 88' lang='lat' dir='ltr'>et</span> <span class='ocrx_word' id='word_1_126' title='bbox 1240 2124 1506 2194; x_wconf 87' lang='lat' dir='ltr'>Universitatem</span> 
     </span>
     <span class='ocr_line' id='line_1_18' title="bbox 333 2224 1506 2306; baseline -0.001 -19"><span class='ocrx_word' id='word_1_127' title='bbox 333 2224 561 2290; x_wconf 88' lang='lat' dir='ltr'>Parisiensem</span> <span class='ocrx_word' id='word_1_128' title='bbox 586 2226 803 2306; x_wconf 87' lang='lat' dir='ltr'>pontificante</span> <span class='ocrx_word' id='word_1_129' title='bbox 825 2227 1022 2290; x_wconf 89' lang='lat' dir='ltr'>Innocentio</span> <span class='ocrx_word' id='word_1_130' title='bbox 1046 2229 1170 2302; x_wconf 82' lang='lat' dir='ltr'>Quarto</span> <span class='ocrx_word' id='word_1_131' title='bbox 1197 2233 1309 2289; x_wconf 85' lang='lat' dir='ltr'>exorta</span> <span class='ocrx_word' id='word_1_132' title='bbox 1336 2233 1397 2298; x_wconf 89' lang='lat' dir='ltr'>est,</span> <span class='ocrx_word' id='word_1_133' title='bbox 1427 2249 1441 2280; x_wconf 75' lang='lat' dir='ltr'>u</span> <span class='ocrx_word' id='word_1_134' title='bbox 1470 2242 1506 2286; x_wconf 90' lang='lat' dir='ltr'>se</span> 
     </span>
     <span class='ocr_line' id='line_1_19' title="bbox 335 2324 1504 2407; baseline -0.002 -22"><span class='ocrx_word' id='word_1_135' title='bbox 335 2344 448 2388; x_wconf 80' lang='lat' dir='ltr'>nunes</span> <span class='ocrx_word' id='word_1_136' title='bbox 463 2345 522 2407; x_wconf 93' lang='lat' dir='ltr'>pro</span> <span class='ocrx_word' id='word_1_137' title='bbox 540 2326 702 2391; x_wconf 75' lang='lat' dir='ltr'>iratribus</span> <span class='ocrx_word' id='word_1_138' title='bbox 722 2352 735 2383; x_wconf 74' lang='lat' dir='ltr'>t</span> <span class='ocrx_word' id='word_1_139' title='bbox 755 2327 927 2406; x_wconf 86' lang='lat' dir='ltr'>posuerint</span> <span class='ocrx_word' id='word_1_140' title='bbox 941 2327 964 2401; x_wconf 78' lang='lat'>³,</span> <span class='ocrx_word' id='word_1_141' title='bbox 982 2346 1042 2390; x_wconf 90' lang='lat' dir='ltr'>uec</span> <span class='ocrx_word' id='word_1_142' title='bbox 1058 2326 1211 2404; x_wconf 76' lang='lat' dir='ltr'>ingratus</span> <span class='ocrx_word' id='word_1_143' title='bbox 1229 2324 1346 2388; x_wconf 76' lang='lat' dir='ltr'>lralteri</span> <span class='ocrx_word' id='word_1_144' title='bbox 1362 2324 1477 2385; x_wconf 89' lang='lat' dir='ltr'>volens</span> <span class='ocrx_word' id='word_1_145' title='bbox 1497 2342 1504 2383; x_wconf 77' lang='grc' dir='ltr'>ι</span> 
     </span>
     <span class='ocr_line' id='line_1_20' title="bbox 333 2423 1506 2508; baseline -0.003 -20"><span class='ocrx_word' id='word_1_146' title='bbox 333 2450 346 2481; x_wconf 90' lang='lat'>«</span> <span class='ocrx_word' id='word_1_147' title='bbox 368 2425 440 2505; x_wconf 77' lang='lat' dir='ltr'>Age</span> <span class='ocrx_word' id='word_1_148' title='bbox 460 2445 538 2506; x_wconf 80' lang='lat' dir='ltr'>erge</span> <span class='ocrx_word' id='word_1_149' title='bbox 553 2447 661 2501; x_wconf 88' lang='lat' dir='ltr'>nunc,</span> <span class='ocrx_word' id='word_1_150' title='bbox 681 2428 859 2502; x_wconf 85' lang='lat' dir='ltr'>exclamat,</span> <span class='ocrx_word' id='word_1_151' title='bbox 878 2447 1022 2508; x_wconf 89' lang='lat' dir='ltr'>superno</span> <span class='ocrx_word' id='word_1_152' title='bbox 1038 2427 1124 2506; x_wconf 81' lang='lat' dir='ltr'>regi,</span> <span class='ocrx_word' id='word_1_153' title='bbox 1145 2426 1264 2489; x_wconf 77' lang='lat' dir='ltr'>saluus</span> <span class='ocrx_word' id='word_1_154' title='bbox 1283 2433 1346 2488; x_wconf 75' lang='lat' dir='ltr'>tuan</span> <span class='ocrx_word' id='word_1_155' title='bbox 1362 2423 1506 2504; x_wconf 90' lang='lat' dir='ltr'>principi</span> 
     </span>
     <span class='ocr_line' id='line_1_21' title="bbox 332 2523 1506 2608; baseline -0.004 -18"><span class='ocrx_word' id='word_1_156' title='bbox 332 2551 345 2581; x_wconf 75' lang='lat' dir='ltr'>r</span> <span class='ocrx_word' id='word_1_157' title='bbox 370 2525 517 2601; x_wconf 83' lang='lat' dir='ltr'>Cluisto,</span> <span class='ocrx_word' id='word_1_158' title='bbox 537 2547 609 2606; x_wconf 75' lang='lat' dir='ltr'>age,</span> <span class='ocrx_word' id='word_1_159' title='bbox 626 2527 776 2608; x_wconf 81' lang='lat' dir='ltr'>inquam,</span> <span class='ocrx_word' id='word_1_160' title='bbox 794 2527 959 2603; x_wconf 85' lang='lat' dir='ltr'>ilcclesia,</span> <span class='ocrx_word' id='word_1_161' title='bbox 978 2547 1038 2607; x_wconf 78' lang='lat' dir='ltr'>age</span> <span class='ocrx_word' id='word_1_162' title='bbox 1055 2536 1089 2590; x_wconf 94' lang='lat' dir='ltr'>tu</span> <span class='ocrx_word' id='word_1_163' title='bbox 1104 2526 1284 2608; x_wconf 68' lang='lat' dir='ltr'>praecipue,</span> <span class='ocrx_word' id='word_1_164' title='bbox 1305 2523 1506 2588; x_wconf 80' lang='lat' dir='ltr'>Pnndicator</span> 
     </span>
     <span class='ocr_line' id='line_1_22' title="bbox 331 2615 1505 2705; baseline -0.003 -17"><span class='ocrx_word' id='word_1_165' title='bbox 331 2649 345 2680; x_wconf 76' lang='lat' dir='ltr'>r</span> <span class='ocrx_word' id='word_1_166' title='bbox 372 2631 404 2688; x_wconf 92' lang='lat' dir='ltr'>et</span> <span class='ocrx_word' id='word_1_167' title='bbox 418 2625 538 2699; x_wconf 87' lang='lat' dir='ltr'>Minor,</span> <span class='ocrx_word' id='word_1_168' title='bbox 554 2645 693 2704; x_wconf 84' lang='lat' dir='ltr'>agamus</span> <span class='ocrx_word' id='word_1_169' title='bbox 707 2615 864 2689; x_wconf 86' lang='lat' dir='ltr'>etomnes</span> <span class='ocrx_word' id='word_1_170' title='bbox 880 2627 1088 2689; x_wconf 85' lang='lat' dir='ltr'>sollemniter</span> <span class='ocrx_word' id='word_1_171' title='bbox 1097 2627 1233 2704; x_wconf 85' lang='lat' dir='ltr'>gratias,</span> <span class='ocrx_word' id='word_1_172' title='bbox 1244 2625 1301 2705; x_wconf 85' lang='lat' dir='ltr'>qui</span> <span class='ocrx_word' id='word_1_173' title='bbox 1316 2624 1417 2686; x_wconf 89' lang='lat' dir='ltr'>talem</span> <span class='ocrx_word' id='word_1_174' title='bbox 1429 2622 1505 2686; x_wconf 89' lang='lat' dir='ltr'>istis</span> 
     </span>
     <span class='ocr_line' id='line_1_23' title="bbox 331 2722 1505 2803; baseline 0.003 -26"><span class='ocrx_word' id='word_1_175' title='bbox 331 2745 344 2777; x_wconf 77' lang='grc' dir='ltr'>ι</span> <span class='ocrx_word' id='word_1_176' title='bbox 370 2722 575 2801; x_wconf 87' lang='lat' dir='ltr'>temporibus</span> <span class='ocrx_word' id='word_1_177' title='bbox 597 2741 711 2802; x_wconf 82' lang='lat' dir='ltr'>regem</span> <span class='ocrx_word' id='word_1_178' title='bbox 735 2723 843 2798; x_wconf 88' lang='lat' dir='ltr'>dedit,</span> <span class='ocrx_word' id='word_1_179' title='bbox 868 2725 926 2803; x_wconf 87' lang='lat' dir='ltr'>qui</span> <span class='ocrx_word' id='word_1_180' title='bbox 949 2724 984 2786; x_wconf 90' lang='lat' dir='ltr'>iu</span> <span class='ocrx_word' id='word_1_181' title='bbox 1007 2725 1086 2786; x_wconf 88' lang='lat' dir='ltr'>forti</span> <span class='ocrx_word' id='word_1_182' title='bbox 1111 2743 1213 2786; x_wconf 90' lang='lat' dir='ltr'>manu</span> <span class='ocrx_word' id='word_1_183' title='bbox 1233 2730 1343 2786; x_wconf 90' lang='lat' dir='ltr'>teneat</span> <span class='ocrx_word' id='word_1_184' title='bbox 1363 2739 1505 2800; x_wconf 82' lang='lat' dir='ltr'>regnum</span> 
     </span>
     <span class='ocr_line' id='line_1_24' title="bbox 330 2817 1506 2899; baseline -0.003 -17"><span class='ocrx_word' id='word_1_185' title='bbox 330 2843 344 2874; x_wconf 77' lang='lat' dir='ltr'>r</span> <span class='ocrx_word' id='word_1_186' title='bbox 369 2839 483 2893; x_wconf 91' lang='lat' dir='ltr'>suum,</span> <span class='ocrx_word' id='word_1_187' title='bbox 508 2828 540 2881; x_wconf 90' lang='lat' dir='ltr'>ct</span> <span class='ocrx_word' id='word_1_188' title='bbox 562 2820 785 2884; x_wconf 82' lang='lat' dir='ltr'>nihilominus</span> <span class='ocrx_word' id='word_1_189' title='bbox 807 2822 915 2899; x_wconf 88' lang='lat' dir='ltr'>pacis,-</span> <span class='ocrx_word' id='word_1_190' title='bbox 940 2822 1106 2896; x_wconf 86' lang='lat' dir='ltr'>caritatis,</span> <span class='ocrx_word' id='word_1_191' title='bbox 1130 2821 1333 2883; x_wconf 87' lang='lat' dir='ltr'>humilitatis</span> <span class='ocrx_word' id='word_1_192' title='bbox 1356 2817 1506 2897; x_wconf 86' lang='lat' dir='ltr'>exempla</span> 
     </span>
     <span class='ocr_line' id='line_1_25' title="bbox 330 2917 767 2996; baseline 0.007 -18"><span class='ocrx_word' id='word_1_193' title='bbox 330 2941 343 2973; x_wconf 79' lang='lat' dir='ltr'>r</span> <span class='ocrx_word' id='word_1_194' title='bbox 368 2917 513 2996; x_wconf 77' lang='lat' dir='ltr'>praebeat</span> <span class='ocrx_word' id='word_1_195' title='bbox 528 2917 698 2981; x_wconf 89' lang='lat' dir='ltr'>universis</span> <span class='ocrx_word' id='word_1_196' title='bbox 714 2922 737 2979; x_wconf 85' lang='lat'>⁴.</span> <span class='ocrx_word' id='word_1_197' title='bbox 754 2943 767 2974; x_wconf 86' lang='lat'>»</span> 
     </span>
    </p>

    <p class='ocr_par' dir='ltr' id='par_1_4' title="bbox 298 3016 1569 4178">
     <span class='ocr_line' id='line_1_26' title="bbox 368 3016 1506 3095; baseline -0.004 -15"><span class='ocrx_word' id='word_1_198' title='bbox 368 3016 453 3080; x_wconf 86' lang='lat' dir='ltr'>Cum</span> <span class='ocrx_word' id='word_1_199' title='bbox 467 3033 547 3078; x_wconf 88' lang='lat' dir='ltr'>vero</span> <span class='ocrx_word' id='word_1_200' title='bbox 563 3016 746 3094; x_wconf 82' lang='lat' dir='ltr'>benignum</span> <span class='ocrx_word' id='word_1_201' title='bbox 762 3036 841 3095; x_wconf 84' lang='lat' dir='ltr'>erga</span> <span class='ocrx_word' id='word_1_202' title='bbox 855 3018 977 3080; x_wconf 90' lang='lat' dir='ltr'>iratres</span> <span class='ocrx_word' id='word_1_203' title='bbox 993 3017 1222 3080; x_wconf 86' lang='lat' dir='ltr'>mendicantes</span> <span class='ocrx_word' id='word_1_204' title='bbox 1242 3017 1393 3080; x_wconf 90' lang='lat' dir='ltr'>animum</span> <span class='ocrx_word' id='word_1_205' title='bbox 1408 3032 1506 3078; x_wconf 87' lang='lat' dir='ltr'>sanc-</span> 
     </span>
     <span class='ocr_line' id='line_1_27' title="bbox 329 3112 1569 3190; baseline -0.002 -15"><span class='ocrx_word' id='word_1_206' title='bbox 329 3121 382 3176; x_wconf 91' lang='lat' dir='ltr'>tus</span> <span class='ocrx_word' id='word_1_207' title='bbox 407 3113 597 3176; x_wconf 89' lang='lat' dir='ltr'>Ludovicns</span> <span class='ocrx_word' id='word_1_208' title='bbox 618 3113 733 3177; x_wconf 88' lang='lat' dir='ltr'>multis</span> <span class='ocrx_word' id='word_1_209' title='bbox 755 3115 863 3178; x_wconf 89' lang='lat' dir='ltr'>modis</span> <span class='ocrx_word' id='word_1_210' title='bbox 889 3115 1089 3190; x_wconf 88' lang='lat' dir='ltr'>ostenderit,</span> <span class='ocrx_word' id='word_1_211' title='bbox 1114 3116 1210 3178; x_wconf 93' lang='lat' dir='ltr'>illum</span> <span class='ocrx_word' id='word_1_212' title='bbox 1233 3122 1346 3178; x_wconf 89' lang='lat' dir='ltr'>tamen</span> <span class='ocrx_word' id='word_1_213' title='bbox 1365 3112 1505 3174; x_wconf 89' lang='lat' dir='ltr'>minime</span> <span class='ocrx_word' id='word_1_214' title='bbox 1566 3177 1569 3185; x_wconf 62' lang='grc'>,</span> 
     </span>
     <span class='ocr_line' id='line_1_28' title="bbox 328 3209 1505 3292; baseline -0.003 -19"><span class='ocrx_word' id='word_1_215' title='bbox 328 3212 496 3274; x_wconf 88' lang='lat' dir='ltr'>credimus</span> <span class='ocrx_word' id='word_1_216' title='bbox 512 3229 550 3273; x_wconf 91' lang='lat' dir='ltr'>eo</span> <span class='ocrx_word' id='word_1_217' title='bbox 567 3231 674 3291; x_wconf 77' lang='lat' dir='ltr'>usque</span> <span class='ocrx_word' id='word_1_218' title='bbox 689 3214 893 3291; x_wconf 90' lang='lat' dir='ltr'>processisse</span> <span class='ocrx_word' id='word_1_219' title='bbox 908 3223 945 3276; x_wconf 90' lang='lat' dir='ltr'>ut</span> <span class='ocrx_word' id='word_1_220' title='bbox 960 3233 1076 3276; x_wconf 89' lang='lat' dir='ltr'>omnes</span> <span class='ocrx_word' id='word_1_221' title='bbox 1088 3213 1177 3286; x_wconf 91' lang='lat' dir='ltr'>illos,</span> <span class='ocrx_word' id='word_1_222' title='bbox 1195 3232 1277 3292; x_wconf 83' lang='lat' dir='ltr'>quos</span> <span class='ocrx_word' id='word_1_223' title='bbox 1291 3209 1505 3274; x_wconf 88' lang='lat' dir='ltr'>Dominicani</span> 
     </span>
     <span class='ocr_line' id='line_1_29' title="bbox 330 3306 1505 3388; baseline -0.003 -20"><span class='ocrx_word' id='word_1_224' title='bbox 330 3307 380 3369; x_wconf 87' lang='lat' dir='ltr'>vel</span> <span class='ocrx_word' id='word_1_225' title='bbox 402 3308 618 3370; x_wconf 81' lang='lat' dir='ltr'>Franciscuni</span> <span class='ocrx_word' id='word_1_226' title='bbox 640 3328 707 3369; x_wconf 90' lang='lat' dir='ltr'>uon</span> <span class='ocrx_word' id='word_1_227' title='bbox 731 3309 926 3386; x_wconf 82' lang='lat' dir='ltr'>diligerent,</span> <span class='ocrx_word' id='word_1_228' title='bbox 950 3310 1025 3371; x_wconf 91' lang='lat' dir='ltr'>ideo</span> <span class='ocrx_word' id='word_1_229' title='bbox 1045 3318 1076 3372; x_wconf 88' lang='lat' dir='ltr'>et</span> <span class='ocrx_word' id='word_1_230' title='bbox 1097 3310 1169 3388; x_wconf 88' lang='lat' dir='ltr'>ipse</span> <span class='ocrx_word' id='word_1_231' title='bbox 1185 3309 1301 3370; x_wconf 83' lang='lat' dir='ltr'>erlerit.</span> <span class='ocrx_word' id='word_1_232' title='bbox 1328 3311 1367 3369; x_wconf 86' lang='lat' dir='ltr'>lit</span> <span class='ocrx_word' id='word_1_233' title='bbox 1387 3309 1422 3368; x_wconf 89' lang='lat' dir='ltr'>iu</span> <span class='ocrx_word' id='word_1_234' title='bbox 1442 3306 1505 3366; x_wconf 87' lang='lat' dir='ltr'>lree</span> 
     </span>
     <span class='ocr_line' id='line_1_30' title="bbox 327 3405 1502 3486; baseline -0.001 -21"><span class='ocrx_word' id='word_1_235' title='bbox 327 3423 464 3484; x_wconf 88' lang='lat' dir='ltr'>prorsus</span> <span class='ocrx_word' id='word_1_236' title='bbox 475 3406 641 3468; x_wconf 87' lang='lat' dir='ltr'>erravisse</span> <span class='ocrx_word' id='word_1_237' title='bbox 651 3406 812 3469; x_wconf 78' lang='lat' dir='ltr'>&#39;l&#39;lromam</span> <span class='ocrx_word' id='word_1_238' title='bbox 822 3407 1113 3486; x_wconf 86' lang='lat' dir='ltr'>Cantipratenscm</span> <span class='ocrx_word' id='word_1_239' title='bbox 1126 3407 1346 3480; x_wconf 81' lang='lat' dir='ltr'>arbitramur3</span> <span class='ocrx_word' id='word_1_240' title='bbox 1360 3405 1389 3468; x_wconf 90' lang='lat' dir='ltr'>is</span> <span class='ocrx_word' id='word_1_241' title='bbox 1401 3405 1502 3480; x_wconf 90' lang='lat' dir='ltr'>euim,</span> 
     </span>
     <span class='ocr_line' id='line_1_31' title="bbox 329 3503 1504 3587; baseline -0.003 -20"><span class='ocrx_word' id='word_1_242' title='bbox 329 3503 495 3567; x_wconf 89' lang='lat' dir='ltr'>Gualterii</span> <span class='ocrx_word' id='word_1_243' title='bbox 507 3504 658 3580; x_wconf 90' lang='lat' dir='ltr'>Cornuti,</span> <span class='ocrx_word' id='word_1_244' title='bbox 676 3505 882 3568; x_wconf 87' lang='lat' dir='ltr'>Seuoneusis</span> <span class='ocrx_word' id='word_1_245' title='bbox 895 3505 1148 3587; x_wconf 82' lang='lat' dir='ltr'>archiepiscopi,</span> <span class='ocrx_word' id='word_1_246' title='bbox 1165 3505 1327 3570; x_wconf 88' lang='lat' dir='ltr'>Vicennis</span> <span class='ocrx_word' id='word_1_247' title='bbox 1342 3504 1504 3578; x_wconf 82' lang='lat' dir='ltr'>defuncti,</span> 
     </span>
     <span class='ocr_line' id='line_1_32' title="bbox 298 3602 1503 3682; baseline 0.002 -18"><span class='ocrx_word' id='word_1_248' title='bbox 298 3610 300 3616; x_wconf 88' lang='lat'>&#39;</span> <span class='ocrx_word' id='word_1_249' title='bbox 328 3609 468 3665; x_wconf 89' lang='lat' dir='ltr'>mortem</span> <span class='ocrx_word' id='word_1_250' title='bbox 483 3620 636 3677; x_wconf 74' lang='lat' dir='ltr'>narrans,</span> <span class='ocrx_word' id='word_1_251' title='bbox 653 3603 733 3666; x_wconf 89' lang='lat' dir='ltr'>dicit</span> <span class='ocrx_word' id='word_1_252' title='bbox 750 3621 864 3680; x_wconf 85' lang='lat' dir='ltr'>regem</span> <span class='ocrx_word' id='word_1_253' title='bbox 880 3602 983 3666; x_wconf 87' lang='lat' dir='ltr'>aleco</span> <span class='ocrx_word' id='word_1_254' title='bbox 1000 3623 1076 3666; x_wconf 90' lang='lat' dir='ltr'>cnm</span> <span class='ocrx_word' id='word_1_255' title='bbox 1093 3611 1160 3666; x_wconf 85' lang='lat' dir='ltr'>tota</span> <span class='ocrx_word' id='word_1_256' title='bbox 1175 3605 1306 3667; x_wconf 89' lang='lat' dir='ltr'>iamilia</span> <span class='ocrx_word' id='word_1_257' title='bbox 1318 3603 1503 3682; x_wconf 80' lang='lat' dir='ltr'>aufugisse,</span> 
     </span>
     <span class='ocr_line' id='line_1_33' title="bbox 331 3701 1506 3781; baseline 0.003 -19"><span class='ocrx_word' id='word_1_258' title='bbox 331 3727 344 3758; x_wconf 75' lang='grc' dir='ltr'>ιι</span> <span class='ocrx_word' id='word_1_259' title='bbox 363 3719 408 3763; x_wconf 88' lang='lat' dir='ltr'>ue</span> <span class='ocrx_word' id='word_1_260' title='bbox 425 3719 501 3763; x_wconf 91' lang='lat' dir='ltr'>cum</span> <span class='ocrx_word' id='word_1_261' title='bbox 519 3701 768 3781; x_wconf 88' lang='lat' dir='ltr'>archiepiscopo</span> <span class='ocrx_word' id='word_1_262' title='bbox 783 3701 948 3765; x_wconf 90' lang='lat' dir='ltr'>divinitus</span> <span class='ocrx_word' id='word_1_263' title='bbox 965 3703 1124 3764; x_wconf 88' lang='lat' dir='ltr'>feriretur</span> <span class='ocrx_word' id='word_1_264' title='bbox 1139 3706 1161 3762; x_wconf 81' lang='lat'>⁵.</span> <span class='ocrx_word' id='word_1_265' title='bbox 1188 3727 1201 3757; x_wconf 73' lang='lat' dir='ltr'>t</span> <span class='ocrx_word' id='word_1_266' title='bbox 1223 3705 1263 3764; x_wconf 88' lang='lat' dir='ltr'>Et</span> <span class='ocrx_word' id='word_1_267' title='bbox 1282 3703 1356 3764; x_wconf 89' lang='lat' dir='ltr'>ideo</span> <span class='ocrx_word' id='word_1_268' title='bbox 1374 3701 1506 3765; x_wconf 88' lang='lat' dir='ltr'>archic-</span> 
     </span>
     <span class='ocr_line' id='line_1_34' title="bbox 329 3799 1506 3882; baseline -0.001 -21"><span class='ocrx_word' id='word_1_269' title='bbox 329 3800 502 3880; x_wconf 89' lang='lat' dir='ltr'>piscopum</span> <span class='ocrx_word' id='word_1_270' title='bbox 524 3799 635 3862; x_wconf 82' lang='lat' dir='ltr'>subita</span> <span class='ocrx_word' id='word_1_271' title='bbox 656 3807 762 3862; x_wconf 90' lang='lat' dir='ltr'>morte</span> <span class='ocrx_word' id='word_1_272' title='bbox 778 3799 958 3863; x_wconf 89' lang='lat' dir='ltr'>multatum</span> <span class='ocrx_word' id='word_1_273' title='bbox 980 3819 1054 3864; x_wconf 90' lang='lat' dir='ltr'>esse</span> <span class='ocrx_word' id='word_1_274' title='bbox 1072 3807 1180 3880; x_wconf 85' lang='lat' dir='ltr'>putat,</span> <span class='ocrx_word' id='word_1_275' title='bbox 1200 3801 1288 3882; x_wconf 83' lang='lat' dir='ltr'>quod</span> <span class='ocrx_word' id='word_1_276' title='bbox 1308 3800 1397 3878; x_wconf 83' lang='lat' dir='ltr'>regis</span> <span class='ocrx_word' id='word_1_277' title='bbox 1417 3825 1431 3856; x_wconf 71' lang='grc' dir='ltr'>α</span> <span class='ocrx_word' id='word_1_278' title='bbox 1449 3800 1506 3881; x_wconf 83' lang='lat' dir='ltr'>ju-</span> 
     </span>
     <span class='ocr_line' id='line_1_35' title="bbox 329 3897 1505 3978; baseline 0 -19"><span class='ocrx_word' id='word_1_279' title='bbox 329 3898 473 3962; x_wconf 88' lang='lat' dir='ltr'>venilem</span> <span class='ocrx_word' id='word_1_280' title='bbox 489 3898 639 3961; x_wconf 77' lang='lat' dir='ltr'>altimum</span> <span class='ocrx_word' id='word_1_281' title='bbox 654 3922 667 3953; x_wconf 88' lang='lat'>»</span> <span class='ocrx_word' id='word_1_282' title='bbox 682 3897 724 3960; x_wconf 88' lang='lat' dir='ltr'>ad</span> <span class='ocrx_word' id='word_1_283' title='bbox 736 3898 939 3978; x_wconf 88' lang='lat' dir='ltr'>parcendum</span> <span class='ocrx_word' id='word_1_284' title='bbox 949 3899 1075 3964; x_wconf 75' lang='lat' dir='ltr'>ludaris</span> <span class='ocrx_word' id='word_1_285' title='bbox 1088 3899 1285 3962; x_wconf 82' lang='lat' dir='ltr'>induxisset.</span> <span class='ocrx_word' id='word_1_286' title='bbox 1300 3897 1505 3960; x_wconf 86' lang='lat' dir='ltr'>Ludovicum</span> 
     </span>
     <span class='ocr_line' id='line_1_36' title="bbox 329 3996 1506 4078; baseline -0.002 -16"><span class='ocrx_word' id='word_1_287' title='bbox 329 3999 465 4062; x_wconf 91' lang='lat' dir='ltr'>Nonum</span> <span class='ocrx_word' id='word_1_288' title='bbox 479 3997 581 4060; x_wconf 90' lang='lat' dir='ltr'>immo</span> <span class='ocrx_word' id='word_1_289' title='bbox 597 3996 751 4060; x_wconf 91' lang='lat' dir='ltr'>novimus</span> <span class='ocrx_word' id='word_1_290' title='bbox 769 4005 848 4061; x_wconf 88' lang='lat' dir='ltr'>tunc</span> <span class='ocrx_word' id='word_1_291' title='bbox 867 3997 989 4078; x_wconf 84' lang='lat' dir='ltr'>viginti</span> <span class='ocrx_word' id='word_1_292' title='bbox 1004 4017 1061 4062; x_wconf 87' lang='lat' dir='ltr'>sex</span> <span class='ocrx_word' id='word_1_293' title='bbox 1081 4017 1186 4062; x_wconf 88' lang='lat' dir='ltr'>annos</span> <span class='ocrx_word' id='word_1_294' title='bbox 1205 4007 1320 4061; x_wconf 87' lang='lat' dir='ltr'>uatum</span> <span class='ocrx_word' id='word_1_295' title='bbox 1335 4016 1426 4074; x_wconf 89' lang='lat' dir='ltr'>esse,</span> <span class='ocrx_word' id='word_1_296' title='bbox 1444 4017 1506 4061; x_wconf 91' lang='lat' dir='ltr'>uec</span> 
     </span>
     <span class='ocr_line' id='line_1_37' title="bbox 329 4095 1504 4178; baseline -0.003 -17"><span class='ocrx_word' id='word_1_297' title='bbox 329 4115 406 4161; x_wconf 90' lang='lat' dir='ltr'>eum</span> <span class='ocrx_word' id='word_1_298' title='bbox 419 4095 527 4160; x_wconf 87' lang='lat' dir='ltr'>luisse</span> <span class='ocrx_word' id='word_1_299' title='bbox 543 4095 602 4177; x_wconf 87' lang='lat' dir='ltr'>qui</span> <span class='ocrx_word' id='word_1_300' title='bbox 617 4113 726 4176; x_wconf 85' lang='lat' dir='ltr'>neque</span> <span class='ocrx_word' id='word_1_301' title='bbox 741 4103 990 4176; x_wconf 85' lang='lat' dir='ltr'>expavesceret,</span> <span class='ocrx_word' id='word_1_302' title='bbox 1014 4116 1123 4178; x_wconf 87' lang='lat' dir='ltr'>neque</span> <span class='ocrx_word' id='word_1_303' title='bbox 1138 4097 1175 4159; x_wconf 92' lang='lat' dir='ltr'>in</span> <span class='ocrx_word' id='word_1_304' title='bbox 1190 4098 1300 4160; x_wconf 89' lang='lat' dir='ltr'>virum</span> <span class='ocrx_word' id='word_1_305' title='bbox 1320 4096 1504 4177; x_wconf 83' lang='lat' dir='ltr'>egregium,</span> 
     </span>
    </p>
   </div>
   <div class='ocr_carea' id='block_1_3' title="bbox 317 4393 590 4782">
    <p class='ocr_par' dir='ltr' id='par_1_5' title="bbox 360 4393 568 4457">
     <span class='ocr_line' id='line_1_38' title="bbox 360 4393 568 4457; baseline 0 -13"><span class='ocrx_word' id='word_1_306' title='bbox 360 4395 381 4446; x_wconf 91' lang='lat' dir='ltr'>i.</span> <span class='ocrx_word' id='word_1_307' title='bbox 397 4393 433 4457; x_wconf 90' lang='lat' dir='ltr'>li,</span> <span class='ocrx_word' id='word_1_308' title='bbox 446 4406 515 4455; x_wconf 81' lang='lat' dir='ltr'>nvrr,</span> <span class='ocrx_word' id='word_1_309' title='bbox 529 4393 568 4446; x_wconf 80' lang='lat' dir='ltr'>dl.</span> 
     </span>
    </p>

    <p class='ocr_par' dir='ltr' id='par_1_6' title="bbox 357 4475 590 4538">
     <span class='ocr_line' id='line_1_39' title="bbox 357 4475 590 4538; baseline 0.009 -12"><span class='ocrx_word' id='word_1_310' title='bbox 357 4475 381 4526; x_wconf 78' lang='lat' dir='ltr'>i.</span> <span class='ocrx_word' id='word_1_311' title='bbox 398 4476 434 4536; x_wconf 89' lang='lat' dir='ltr'>ll,</span> <span class='ocrx_word' id='word_1_312' title='bbox 450 4487 535 4538; x_wconf 81' lang='lat' dir='ltr'>xxix,</span> <span class='ocrx_word' id='word_1_313' title='bbox 551 4475 590 4529; x_wconf 85' lang='lat' dir='ltr'>t0.</span> 
     </span>
    </p>

    <p class='ocr_par' dir='ltr' id='par_1_7' title="bbox 359 4556 537 4619">
     <span class='ocr_line' id='line_1_40' title="bbox 359 4556 537 4619; baseline 0.006 -12"><span class='ocrx_word' id='word_1_314' title='bbox 359 4557 383 4607; x_wconf 87' lang='grc'>3.</span> <span class='ocrx_word' id='word_1_315' title='bbox 399 4556 434 4616; x_wconf 90' lang='lat' dir='ltr'>ll,</span> <span class='ocrx_word' id='word_1_316' title='bbox 450 4568 483 4619; x_wconf 86' lang='lat' dir='ltr'>x,</span> <span class='ocrx_word' id='word_1_317' title='bbox 497 4557 537 4608; x_wconf 77' lang='lat' dir='ltr'>tt.</span> 
     </span>
    </p>

    <p class='ocr_par' dir='ltr' id='par_1_8' title="bbox 317 4637 574 4782">
     <span class='ocr_line' id='line_1_41' title="bbox 358 4637 574 4702; baseline -0.005 -14"><span class='ocrx_word' id='word_1_318' title='bbox 358 4638 381 4688; x_wconf 86' lang='lat' dir='ltr'>l.</span> <span class='ocrx_word' id='word_1_319' title='bbox 397 4637 433 4698; x_wconf 90' lang='lat'>11,</span> <span class='ocrx_word' id='word_1_320' title='bbox 450 4638 574 4702; x_wconf 76' lang='lat' dir='ltr'>cv11,65.</span> 
     </span>
     <span class='ocr_line' id='line_1_42' title="bbox 317 4717 524 4782; baseline -0.005 -14"><span class='ocrx_word' id='word_1_321' title='bbox 317 4776 319 4781; x_wconf 45' lang='lat'>‚</span> <span class='ocrx_word' id='word_1_322' title='bbox 359 4719 383 4768; x_wconf 83' lang='lat'>5.</span> <span class='ocrx_word' id='word_1_323' title='bbox 399 4717 421 4782; x_wconf 93' lang='lat'>1,</span> <span class='ocrx_word' id='word_1_324' title='bbox 436 4729 484 4782; x_wconf 87' lang='grc' dir='ltr'>ιιι,</span> <span class='ocrx_word' id='word_1_325' title='bbox 499 4717 524 4768; x_wconf 91' lang='grc'>6.</span> 
     </span>
    </p>
   </div>
   <div class='ocr_carea' id='block_1_4' title="bbox 0 0 1826 5450">
    <p class='ocr_par' dir='ltr' id='par_1_9' title="bbox 0 0 1826 5450">
     <span class='ocr_line' id='line_1_43' title="bbox 0 0 1826 5450; baseline 0 2"><span class='ocrx_word' id='word_1_326' title='bbox 0 0 1826 5450; x_wconf 95' lang='lat' dir='ltr'> </span> 
     </span>
    </p>
   </div>
  </div>
 </body>
</html>
