3644 5450
844 627 1004 690 -34-

334 767 388 827 tea
402 761 558 838 feminas,
569 768 601 825 et
609 758 697 824 inter
704 758 859 824 homines
866 768 1078 827 conversatas
1087 763 1109 820 ¹.
1125 759 1385 824 »Dcfallacibus
1399 767 1510 826 autem

334 861 404 924 illis
420 879 594 941 corporum
614 859 821 938 imaginibus
840 859 927 937 ipse,
948 865 985 919 ut
1000 859 1147 934 videtur,
1168 860 1311 922 Thomas
1326 859 1381 922 his
1398 859 1510 922 verbis

334 962 500 1025 disserere
513 979 580 1022 non
595 959 725 1021 dubitat
743 979 750 1019 :
767 984 781 1014 c
798 959 929 1020 Dicitur
949 964 1061 1020 autem
1076 957 1187 1020 abhis
1203 960 1260 1038 qui
1279 959 1437 1036 figmenta
1450 958 1510 1020 hu·

331 1060 388 1141 jus
409 1058 500 1121 modi
518 1057 684 1120 diabolica
702 1057 936 1135 inspexerunt,
954 1073 993 1117 ea
1012 1073 1086 1118 csse
1106 1055 1249 1118 interius
1269 1056 1401 1135 putrido
1419 1056 1510 1134 ligno

335 1156 481 1232 similia,
509 1155 643 1235 levique
669 1155 815 1218 exterius
845 1153 1003 1233 pellicula
1034 1153 1273 1232 superuacua
1304 1178 1317 1208 »
1348 1153 1510 1216 Recentia

243 1280 245 1283 ·
334 1273 432 1334 porro
452 1252 662 1317 incredibilis
677 1253 728 1315 rei
744 1254 941 1313 documenta
956 1251 1124 1323 dubitanti
1138 1249 1255 1311 lectori
1269 1251 1392 1329 praebet
1403 1241 1426 1324 ³,
1442 1268 1509 1311 non

334 1369 373 1415 eo
388 1360 500 1415 tamen
517 1351 629 1412 animo
647 1357 685 1412 ut
706 1356 834 1412 certum
853 1347 935 1427 quid
955 1347 1007 1409 vel
1027 1345 1147 1409 stabile
1168 1346 1222 1409 his
1244 1348 1345 1410 rebus
1370 1346 1509 1409 subesse

333 1449 538 1512 demonstret
555 1468 562 1509 :
584 1473 598 1504 o
617 1465 677 1525 ego
693 1447 845 1527 quidem,
862 1446 994 1520 dicens,
1012 1445 1093 1506 talia
1107 1445 1199 1519 fieri,
1216 1446 1430 1524 permittente
1447 1444 1510 1506 Dei

329 1547 475 1629 judicio,
490 1565 550 1626 per
564 1545 791 1624 operationem
807 1543 992 1604 daemonum
1011 1560 1072 1605 nec
1089 1542 1230 1616 infitior,
1248 1560 1309 1604 nec
1330 1543 1506 1616 confirmo;

334 1647 392 1710 sed
407 1646 487 1726 quia
502 1643 739 1725 objicientibus
755 1642 836 1704 talia
850 1650 882 1703 ct
896 1641 1074 1704 verissima
1094 1641 1278 1704 assertione
1297 1640 1509 1703 firmantibus

334 1745 567 1822 subterfugere
582 1741 851 1804 dissimulatione
871 1757 937 1801 non
952 1740 1061 1818 potui,
1079 1739 1144 1802 ista
1159 1740 1244 1801 mibi
1260 1746 1394 1802 narrata
1409 1747 1441 1802 et
1455 1739 1509 1800 in·

334 1841 463 1904 culcata
490 1839 691 1919 conscripsi,
720 1847 752 1902 et
778 1839 854 1900 aliis
878 1838 1089 1900 discutienda
1114 1837 1275 1917 reliqui...
1299 1837 1507 1916 Interrogavi

333 1959 433 2023 super
445 1939 508 2002 hoc
522 1939 751 2019 supradictum
765 1937 963 2015 magistrum
978 1935 1152 1999 Albcrtum
1163 1939 1189 2012 ⁴;
1210 1937 1268 2000 sed
1280 1935 1338 2000 ille
1351 1936 1506 1999 dissimu-

331 2038 425 2115 lavit,
441 2045 473 2101 et
488 2036 597 2099 noluit
612 2036 740 2117 aliquid
756 2035 896 2098 definire
908 2032 930 2095 ⁸.
952 2059 966 2090 s

372 2139 562 2210 Daemones,
577 2135 728 2196 omnium
744 2133 902 2196 vitiorum
917 2134 1082 2208 fautores
1104 2152 1141 2196 eo
1166 2135 1309 2197 maxime
1325 2133 1437 2197 odisse
1454 2133 1506 2197 vi-

333 2235 429 2298 detur
446 2235 550 2296 frater
569 2233 728 2306 Thomas,
752 2232 841 2311 quod
855 2240 1061 2310 peccatorem
1084 2233 1124 2293 ad
1144 2233 1422 2295 incontinentiam
1445 2233 1507 2295 sti-

332 2332 515 2407 mularent,
539 2331 650 2393 tabem
671 2332 760 2392 inter
785 2347 900 2392 omnes
922 2330 1023 2392 saluti
1047 2331 1154 2393 nostri
1175 2332 1308 2409 generis
1334 2332 1504 2394 intestam.

332 2431 403 2493 Nec
419 2447 438 2491 a
454 2429 597 2491 libidine
612 2427 693 2491 solis
711 2427 893 2508 juvenibus
910 2429 1094 2490 carendum
1109 2429 1261 2507 putabat,
1283 2429 1385 2491 etiam
1401 2429 1437 2491 in
1453 2447 1506 2492 se-

333 2526 434 2589 nibus
449 2525 637 2604 igniculum
651 2525 764 2587 vivere
782 2525 929 2598 dicens⁶‚
947 2543 1065 2606 seque,
1082 2524 1135 2588 vel
1152 2526 1188 2587 in
1206 2527 1412 2604 sexagesimo
1427 2535 1506 2590 aeta-

332 2623 376 2685 tis
398 2640 501 2695 anno,
525 2640 640 2685 casum
664 2621 868 2685 lubricitatis
896 2623 1004 2684 adbuc
1027 2623 1315 2701 perhorresceret
1341 2627 1506 2703 Perpetua

331 2719 436 2798 igitur
450 2721 487 2781 in
503 2721 574 2799 ejus
589 2737 688 2797 opere
704 2720 910 2796 virginitatis
926 2727 958 2780 et
973 2721 1137 2782 castitatis
1152 2721 1358 2799 pradicatio,
1375 2740 1437 2784 uec
1449 2741 1505 2785 eos

330 2833 480 2895 unquam
491 2814 629 2878 laudare
644 2815 775 2876 dubitat
790 2816 860 2895 qui,
877 2823 914 2877 ut
928 2815 1124 2893 pudicitiam
1141 2817 1343 2880 incolumem
1359 2827 1503 2894 servent,

331 2913 367 2973 in
388 2931 515 2975 meram
537 2913 706 2976 insaniam
727 2913 894 2974 incidunt.
913 2913 1000 2988 Quid
1027 2915 1116 2976 enim
1139 2915 1179 2978 de
1200 2915 1426 2994 pulcherrima
1446 2916 1506 2979 illa

330 3010 472 3072 muliere
488 3010 702 3073 sentiendum
719 3018 784 3085 est,
808 3029 895 3091 quae,
913 3029 955 3072 nc
976 3011 1012 3071 in
1032 3012 1169 3073 vetitam
1184 3013 1377 3091 cupidinem
1396 3014 1504 3093 ipsius

330 3107 489 3187 adspectu
503 3109 568 3170 viri
583 3117 791 3188 raperentur,
809 3128 828 3170 a
842 3111 911 3170 Deo
926 3109 961 3168 id
975 3109 1163 3172 obtinuisse
1178 3112 1285 3172 fertur
1300 3118 1336 3173 ut
1351 3111 1504 3173 decoram

329 3206 451 3269 faciem
465 3206 541 3269 tabe
556 3206 747 3284 deturparet
759 3206 793 3265 ⁸?
810 3207 932 3286 Ecquis
949 3225 1026 3269 vero
1044 3207 1208 3282 (luidone,
1225 3210 1454 3287 Beguiuarum
1467 3210 1503 3270 in

329 3303 463 3367 Nivella
474 3304 681 3383 presbytero,
692 3304 858 3378 vesanior,
871 3322 971 3384 quem
986 3305 1060 3366 idco
1071 3306 1214 3368 Thomas
1228 3316 1381 3368 sanctum
1393 3306 1505 3368 virum

329 3399 483 3480 appellat,
497 3401 585 3481 quod
596 3399 732 3461 libidini
747 3401 849 3463 tinem
863 3402 1094 3480 impositurus,
1105 3411 1219 3481 aperto
1234 3403 1387 3466 mulieris
1403 3421 1504 3484 quam

329 3497 490 3577 diligebat
517 3497 661 3572 tumulo,
690 3517 789 3562 nares
818 3507 850 3563 et
878 3499 1000 3562 faciem
1028 3518 1118 3562 caeno
1146 3501 1325 3579 putrefacti
1355 3501 1503 3581 corporis

330 3596 514 3660 admoverit
526 3601 550 3657 ⁹.

367 3696 397 3758 A
413 3695 640 3775 voluptatibus
661 3694 845 3772 abstinere,
860 3697 1047 3769 terrestria,
1066 3715 1282 3777 quaecumque
1308 3697 1392 3772 sint,
1413 3698 1501 3760 bona

327 3811 503 3873 respuere,
520 3793 690 3874 reliquum
709 3793 797 3855 nihil
816 3794 955 3870 habere,
973 3795 1041 3857 nisi
1061 3813 1120 3874 pro
1135 3794 1226 3856 lauto
1244 3795 1367 3858 vestitu
1387 3795 1501 3857 cucul-

326 3890 412 3968 lum,
429 3909 488 3971 pro
508 3891 604 3954 domo
627 3893 736 3972 patria
751 3892 1007 3968 monasterium,
1034 3911 1093 3972 pro
1108 3893 1262 3956 libertate
1279 3893 1503 3956 voluntariam

362 4149 384 4201 t.
399 4149 516 4214 11,1.v11.
533 4150 571 4204 17.

359 4228 383 4280 3.
400 4229 467 4280 llaec
479 4230 509 4278 in
524 4231 620 4280 codice
634 4231 785 4282 parisiensi
799 4233 886 4284 latino
902 4232 971 4293 3303,
984 4232 1031 4282 fol.
1050 4231 1094 4283 106
1108 4239 1137 4283 v·
1152 4231 1173 4284 l.

361 4309 384 4359 3.
400 4308 519 4373 ll,1.vn,
538 4309 622 4361 ts-rt.

360 4387 384 4439 l.
400 4389 544 4440 eilbertum
558 4390 700 4455 Magnum.

360 4470 384 4520 5.
397 4469 433 4534 ll,
446 4482 515 4531 crit,
528 4471 569 4523 33.

360 4549 385 4603 3.
400 4549 436 4615 11,
451 4563 520 4616 xxx,
534 4553 574 4615 ts,
587 4568 651 4618 pag.
667 4554 722 4606 ³52.

360 4630 384 4684 7.
399 4633 488 4696 thid,
503 4647 530 4697 p.
544 4633 599 4685 353.

361 4709 383 4761 8.
400 4710 435 4771 ll,
449 4723 516 4774 xxx,
533 4712 574 4764 29.

361 4788 385 4839 9.
400 4789 436 4850 ll,
452 4800 520 4852 xxx,
537 4793 575 4842 31.
