3644 5450
813 549 973 611 ,59-

304 683 474 744 memoria
489 689 641 744 occurrat
663 682 785 745 multos
806 689 838 745 et
861 689 941 745 tunc
963 692 995 745 et
1018 685 1059 745 ad
1079 690 1194 746 nostra
1208 701 1316 765 usque
1335 691 1484 765 tempora

303 779 393 842 idern
409 779 542 843 lacinus
556 783 577 844 J
579 781 682 842 udaeis
697 781 825 860 plurios
842 781 1074 861 adscripsisse.

344 878 451 959 Major
466 877 567 940 etiam
583 877 681 939 fratri
697 878 846 951 Thomas,
864 879 893 940 si
909 879 984 940 fieri
998 885 1122 958 potest,
1139 880 1175 940 in
1194 879 1369 943 haereticos
1388 898 1484 959 aspe-

302 975 407 1050 ritas3
424 975 461 1036 bi
477 983 555 1038 suut
571 976 678 1050 enim,
697 994 780 1055 quos
803 976 947 1039 maxime
969 977 1098 1040 invises
1119 976 1311 1040 habuerunt
1329 977 1484 1039 Domini-

303 1074 390 1148 cani,
402 1075 622 1154 propagandae
637 1074 830 1137 christianae
845 1075 923 1137 ddei
936 1075 971 1136 in
984 1075 1104 1154 primis
1118 1075 1254 1138 addicti.
1266 1077 1335 1138 llos
1350 1094 1483 1157 quoque

303 1179 428 1248 noster,
445 1172 722 1253 quotiescumque
743 1179 934 1247 occurrunt,
952 1173 1064 1236 debito
1083 1191 1175 1236 more
1196 1173 1330 1248 salutat,
1348 1181 1380 1238 et
1400 1192 1483 1253 quo-

304 1270 395 1332 niam
410 1270 446 1332 id
461 1288 528 1332 non
542 1270 608 1349 ipsi
624 1288 663 1332 ex
679 1269 830 1350 injuncto
843 1269 1010 1332 incumbit
1022 1271 1141 1345 cilicio,
1154 1278 1192 1334 ut
1205 1270 1244 1333 de
1258 1271 1392 1333 illorum
1406 1290 1483 1351 pra·
1557 1260 1559 1266 ’

302 1368 405 1432 vitate
418 1367 580 1448 inquirat,
592 1367 806 1430 dominicana
817 1368 853 1428 in
864 1385 931 1442 eos,
944 1369 1056 1432 verbis
1070 1370 1201 1452 saltem,
1214 1369 1352 1432 leuitate
1362 1368 1480 1431 utitur.

303 1469 374 1529 Nec
388 1465 425 1527 in
440 1464 500 1526 illa
512 1464 659 1546 quidem,
672 1484 772 1545 quam
786 1465 965 1539 inhabitat,
979 1466 1117 1544 regione
1130 1467 1251 1529 desunt
1264 1485 1347 1547 quos
1361 1466 1483 1529 ultioni

302 1564 423 1628 divinae
437 1563 680 1644 hominumque
695 1563 850 1625 vindicte
862 1562 999 1636 indicet,
1017 1583 1125 1645 neque
1140 1564 1176 1626 in
1192 1564 1392 1626 Lombardia
1408 1572 1483 1626 tan-

303 1670 373 1726 turn
387 1664 396 1708 ¹
412 1660 714 1742 Albigensiumque
731 1668 829 1736 terra,
846 1661 904 1725 sed
919 1668 951 1723 et
966 1661 1003 1724 in
1017 1662 1200 1726 Germania
1210 1668 1234 1737 ²,
1250 1661 1284 1724 in
1301 1663 1483 1726 Harmonia

302 1760 552 1842 Braltantiaque
564 1767 642 1822 tune
656 1759 814 1841 temporis
826 1759 1079 1840 pullulaverunt
1092 1759 1324 1824 haereticorum
1338 1779 1480 1824 errores.

301 1860 502 1936 Guiardum,
523 1859 800 1924 cameracensem
822 1858 1030 1939 episcopum,
1050 1878 1087 1921 eo
1109 1878 1174 1940 quo
1193 1859 1376 1922 decesserit
1398 1869 1482 1922 tem-

300 1977 395 2038 pore,
423 1983 437 2016 u
461 1957 498 2020 in
522 1958 577 2020 via
602 1965 718 2020 contra
742 1957 1006 2036 Antrerpienses
1028 1957 1204 2021 hereticos
1230 1982 1243 2012 r
1265 1957 1372 2020 luisse
1400 1957 1482 2020 dicit

301 2059 405 2120 frater
419 2056 564 2120 Thomas
578 2057 602 2132 ³‚
619 2055 742 2136 quibus
758 2055 920 2118 nimirum
935 2054 1137 2118 Guillelmus
1153 2054 1211 2118 ille
1227 2054 1404 2119 Cornelius
1421 2073 1481 2116 an-

302 2155 531 2218 numerandus
544 2161 605 2228 est,
621 2172 721 2234 quem
733 2153 773 2214 de
785 2153 924 2215 colenda
936 2160 1132 2232 paupertate
1145 2153 1296 2233 quaedam
1310 2171 1376 2214 non
1391 2159 1481 2216 recte

301 2253 450 2317 sensisse
473 2253 609 2315 tradunt
631 2271 638 2312 :
660 2276 674 2308 a
696 2251 760 2313 llic
782 2251 933 2330 quidem,
956 2251 991 2311 in
1014 2250 1186 2330 hypocrisi
1209 2259 1241 2314 et
1266 2250 1481 2313 simulatione

302 2350 429 2414 diutius
445 2355 673 2424 conversatus,
690 2349 875 2429 praebendae
892 2349 1106 2424 beneficium,
1124 2349 1222 2430 quasi
1241 2348 1303 2411 sub
1319 2355 1481 2429 praetextu

293 2450 454 2530 'perfectae
476 2448 695 2529 paupertatis,
713 2447 853 2522 dimisit,
871 2454 903 2511 et
925 2455 1035 2511 tamen
1057 2447 1198 2511 luxuriae
1220 2455 1308 2510 totus
1330 2456 1402 2510 erat
1423 2447 1480 2512 de·

300 2548 401 2611 ditus.
419 2547 559 2612 Dicebat
575 2553 698 2620 autem,
713 2546 800 2608 siout
815 2546 1007 2624 rubiginem
1023 2547 1111 2625 igne,
1125 2547 1175 2609 sic
1193 2565 1290 2609 omne
1306 2553 1480 2626 peccatum

299 2653 493 2727 paupertate
508 2645 661 2708 consumi
677 2651 709 2708 et
724 2653 801 2708 ante
816 2643 879 2707 Dei
894 2645 1008 2708 oculos
1024 2645 1203 2720 adnullari,
1216 2645 1390 2709 meliorem
1405 2664 1479 2709 esse

298 2745 468 2824 publicam
484 2744 696 2808 meretricem
715 2763 908 2824 pauperem,
926 2763 1027 2824 quam
1043 2743 1189 2824 aliquem
1205 2746 1334 2827 justum
1349 2745 1479 2823 periec-

299 2844 429 2907 tissime
451 2843 694 2916 continentem,
713 2843 842 2924 aliquid
861 2843 897 2904 in
917 2843 971 2905 sui
997 2843 1188 2906 subsidium
1208 2843 1427 2917 retinentem,
1447 2851 1480 2907 et

298 2951 432 3024 propter
451 2942 514 3006 hoo
535 2960 651 3004 omnes
664 2959 801 3020 prorsus
814 2941 990 3019 religiosos
1010 2960 1084 3004 esse
1104 2942 1290 3004 damnatos.
1310 2965 1324 2996 »
1341 2942 1411 3004 Nee
1427 2959 1476 3014 ea,

299 3061 400 3123 quam
419 3041 516 3103 vivus
539 3041 718 3116 obtigerat,
742 3046 977 3119 postmortem
1001 3058 1099 3118 pmna
1121 3039 1251 3114 caruit3
1277 3057 1354 3099 nam
1381 3038 1479 3100 illum

299 3139 411 3220 elapso
424 3138 647 3221 quadriennio
662 3157 679 3202 e
696 3137 847 3217 sepulcro
865 3137 939 3201 erui
955 3145 987 3202 et
1007 3137 1158 3200 comburi
1175 3138 1278 3218 jussit
1299 3136 1475 3210 Nicolaus‚

299 3236 552 3302 Cameracensis
568 3235 742 3316 episcopus
757 3235 781 3296 ⁴.

338 3334 509 3397 Laudibus
526 3352 620 3411 ergo,
639 3339 676 3395 ut
690 3351 750 3412 par
767 3339 853 3407 erat,
872 3352 891 3394 a
905 3332 1032 3395 Thoma
1047 3332 1297 3410 Cantipratensi
1315 3333 1476 3394 decoran-

299 3439 353 3494 tur
371 3432 430 3512 qui
451 3431 625 3493 haereticos
646 3430 821 3509 evestigio
843 3438 1030 3511 sequuntur
1053 3439 1085 3492 et
1109 3430 1280 3490 damnant.
1297 3429 1499 3491 Falconem

299 3531 339 3592 de
355 3530 514 3593 Gandavo
530 3535 695 3610 quartana
711 3528 804 3590 febre
821 3527 1072 3607 insanabilique
1091 3528 1183 3589 lluxu
1207 3527 1333 3590 ventris
1355 3526 1479 3588 multa-

299 3635 370 3690 tum
386 3646 460 3690 esse
476 3628 595 3700 relert,
612 3626 692 3707 quia
706 3625 830 3690 Jacobo
844 3624 1065 3698 vitriacensi,
1083 3625 1207 3704 legato,
1225 3643 1342 3704 parere
1361 3624 1479 3686 nolue-

298 3725 573 3807 rit,'injungenti
594 3731 632 3786 ut
655 3741 787 3788 crucem
810 3723 846 3785 in
867 3723 1025 3786 Flarrdria
1051 3730 1167 3785 contra
1186 3722 1361 3785 haereticos
1382 3721 1479 3784 Albi-

299 3841 419 3902 genses
432 3823 612 3903 praedicare
626 3822 862 3901 aggrederetur
873 3825 896 3882 ⁸.
912 3821 1139 3886 Miserabilern
1155 3841 1288 3902 quoque
1304 3820 1479 3884 interitum

298 3922 473 4004 cujusdam
488 3921 615 4000 lllgidii
631 3920 771 3999 Boogris
783 3927 808 3994 ⁶,
824 3920 942 3983 laetitia
957 3921 1096 3983 minime
1111 3920 1335 3994 dissimulata,
1351 3926 1476 3994 narrat,

299 4039 399 4102 quem
415 4019 626 4082 atrocissima
640 4025 746 4081 morte
768 4018 916 4080 ablatum
931 4017 1096 4081 videmus.
1113 4019 1178 4094 Qui
1196 4037 1270 4082 oum
1289 4017 1421 4080 timeret
1436 4036 1478 4080 ne

298 4117 565 4182 aDominieanis
577 4117 743 4179 liareseos
758 4133 836 4180 reus
852 4115 1062 4180 inveniretur
1075 4116 1209 4198 (multos
1225 4117 1316 4182 enim
1331 4115 1382 4178 illi
1397 4123 1478 4178 tunc

329 4339 351 4392 t.
367 4341 394 4405 1,
408 4350 436 4402 v,
451 4339 476 4392 t.

326 4421 350 4474 i.
366 4411 402 4480 ll‚'
418 4431 486 4481 nvn,
498 4417 538 4470 ti.

328 4503 351 4554 3.
368 4502 389 4562 1,
403 4515 440 4564 ru,
457 4500 480 4552 l.

328 4582 351 4634 l.
368 4583 408 4646 11,
423 4581 554 4643 xav11,³.

327 4664 351 4715 5.
368 4663 395 4728 1,
409 4674 480 4724 xxn,
496 4661 519 4712 i.

328 4743 352 4796 i.
368 4743 496 4810 AEgldlue
509 4742 638 4808 Boogrls,
653 4742 713 4794 alvo
726 4741 874 4808 Belgarua,
890 4742 918 4794 ld
934 4745 986 4808 est,
1000 4744 1150 4796 hereticus
1164 4745 1209 4810 (ΙΙ,
1227 4757 1295 4808 eru,
1310 4746 1359 4808 68).
