3644 5450
902 607 1043 670 ...5-

424 743 464 805 In
478 741 683 806 monasterio
697 739 949 823 (lantipratensi
967 742 1066 806 annis
1082 741 1276 824 quindecim
1291 749 1324 807 et
1339 761 1378 807 eo
1396 743 1561 825 amplius,

383 846 421 904 ut
433 839 504 920 ipse
517 845 669 915 testatur,
687 840 762 904 sine
775 839 845 902 ullo
861 839 1018 904 scandalo
1033 840 1086 903 vel
1098 840 1175 904 odio
1190 840 1305 916 vixit¹,
1322 839 1360 904 in
1375 861 1441 924 quo
1458 841 1563 906 vitam

384 939 571 1015 iohannis,
601 939 702 1019 primi
733 939 864 1004 abbatis
893 939 1178 1020 Cantipratensis,
1210 959 1316 1004 annos
1344 940 1468 1022 viginti
1493 948 1562 1004 tres

384 1045 501 1114 natus,
527 1038 675 1102 scribere
698 1037 858 1118 incepitl.
884 1041 956 1103 Hoc
984 1039 1086 1102 etiam
1108 1045 1274 1118 tempore,
1308 1039 1438 1103 scilicet
1467 1047 1563 1104 ante-

384 1156 485 1220 quam
500 1137 652 1199 ordinem
669 1137 927 1200 Praedicatorum
950 1136 1107 1210 intraret,
1129 1144 1226 1199 aetate
1248 1137 1357 1200 adhuc
1370 1137 1506 1218 juvenis
1521 1138 1563 1200 ad

297 1221 301 1228 ’
383 1235 654 1315 presbyteratum
675 1241 863 1314 promotus,
888 1233 979 1297 vices
1001 1233 1148 1313 episcopi
1163 1235 1200 1295 in
1218 1235 1490 1298 confessionibus
1506 1254 1562 1297 au-

384 1331 516 1394 diendis
531 1331 681 1394 indebite
697 1337 730 1394 et
744 1348 846 1409 supra
859 1329 949 1392 vires
974 1349 1089 1408 gerere
1108 1331 1300 1409 compulsus
1323 1338 1384 1412 est,
1409 1332 1491 1394 Inde
1508 1331 1563 1392 in-

383 1429 490 1494 ternis
504 1427 727 1493 tentationum
743 1427 890 1492 stimulis
906 1436 1055 1502 vexatus,
1073 1428 1284 1509 maximoque
1301 1429 1419 1493 timore
1437 1437 1470 1492 et
1484 1430 1563 1493 hor-

384 1547 458 1591 rore
476 1535 664 1607 correptus,
681 1526 723 1589 ad
737 1527 869 1588 beatam
885 1526 1098 1604 liutgardim,
1121 1526 1359 1591 Cisterciensis
1377 1526 1505 1590 ordinis
1525 1527 1561 1589 in

384 1626 527 1707 Aquinio
544 1617 850 1699 sanctimonialem,
875 1625 963 1688 sieut
983 1624 1024 1686 ad
1041 1649 1054 1680 r
1073 1623 1352 1703 specialissimam
1371 1649 1385 1680 a
1405 1624 1471 1688 sibi
1490 1643 1563 1687 ma-

384 1731 470 1789 trem
492 1724 633 1798 accedit,
658 1724 847 1804 sauciaeque
865 1722 986 1786 animae
1009 1721 1178 1784 cruciatus
1193 1721 1331 1785 revelat.
1350 1722 1379 1808 A
1395 1741 1462 1803 qua
1482 1740 1563 1785 con·

384 1826 542 1897 milatus,
563 1821 759 1903 impositum
775 1822 842 1886 sibi
863 1839 948 1884 onus
964 1819 1110 1883 viriliter
1125 1820 1235 1894 subit,
1256 1819 1428 1900 singulare
1443 1820 1506 1883 boc
1521 1821 1562 1883 do

383 1922 616 2005 penitentium
635 1920 906 1984 confessionibus
928 1926 1044 2000 postea
1060 1921 1233 1998 professus
1250 1940 1257 1980 :
1277 1943 1292 1976 α
1310 1926 1342 1982 et
1358 1925 1483 2000 quanto
1497 1918 1563 1980 im-

384 2019 562 2082 mundiora
582 2019 710 2081 luerint
729 2035 803 2098 quae
822 2017 936 2092 audio,
961 2015 1185 2079 tantominus
1205 2035 1244 2080 ea
1265 2034 1360 2092 curo,
1381 2017 1562 2098 minusque

385 2134 520 2180 moveor
537 2104 735 2178 audiendo³.
754 2139 768 2170 o

425 2216 547 2278 Exacto
562 2215 652 2278 inter
666 2212 845 2276 canonicos
859 2211 1032 2292 regulares
1051 2231 1117 2274 non
1132 2211 1227 2275 brevi
1244 2211 1398 2274 mortalis
1411 2209 1473 2274 tevi
1493 2231 1564 2293 spa·

384 2313 446 2388 tio,
470 2312 614 2376 Thomas
637 2311 679 2376 ad
702 2309 906 2392 asperiorem
930 2310 1034 2372 vitam
1058 2309 1113 2372 vol
1133 2309 1260 2392 intimo⁸
1278 2309 1400 2372 ellectu
1422 2310 1474 2373 vel
1498 2309 1565 2372 oir-

385 2412 626 2477 cumstantium
649 2410 784 2474 hortatu
808 2417 984 2485 evocatus,
1013 2409 1273 2472 Praedicatorum
1299 2409 1452 2472 ordinem
1476 2427 1565 2472 anno

387 2510 515 2576 Christi
537 2509 761 2574 MCCXXXII
782 2508 982 2588 ingreditur.
1002 2507 1085 2570 Inde
1099 2526 1207 2588 usque
1228 2507 1270 2569 ad
1285 2513 1469 2570 extremum
1489 2507 1565 2569 vitre

385 2614 517 2688 tempus
530 2607 732 2670 Lovaniensi
743 2606 1041 2670 Dominicanorum
1051 2605 1255 2668 monasterio
1266 2605 1400 2667 videtur
1412 2605 1564 2668 addictus

385 2723 470 2779 esse,
488 2704 525 2767 iu
539 2723 604 2784 quo
617 2703 772 2782 supprior
787 2705 895 2765 lactus
907 2710 957 2766 est
967 2705 989 2776 ⁴,
1008 2710 1039 2765 et
1053 2710 1239 2765 extremum
1253 2703 1331 2764 vitre
1347 2709 1477 2780 tempus
1488 2721 1566 2781 per-

386 2801 486 2881 egit⁵.
507 2804 626 2874 Porro,
650 2819 725 2862 cum
747 2799 777 2864 is
798 2819 882 2862 novo
903 2799 1013 2861 ordini
1031 2818 1103 2862 mos
1127 2807 1215 2862 esset
1243 2806 1281 2861 ut
1301 2799 1354 2862 vel
1378 2799 1566 2862 doctissimi

385 2902 427 2964 ad
448 2899 579 2964 scholas
601 2901 727 2981 majore
753 2898 896 2962 scientia
917 2898 1108 2960 instruendi
1132 2897 1364 2970 mitterentur,
1391 2896 1565 2962 Coloniam

384 2998 605 3079 Agrippinam
624 2997 770 3077 primum
787 2997 1022 3077 proficiscitur,
1047 2997 1106 3058 ubi
1131 3013 1167 3058 se
1186 2994 1318 3058 Alberti
1342 2995 1467 3074 Magni,
1485 3002 1565 3060 tunc

385 3097 421 3159 in
437 3097 595 3160 cathedra
614 3095 789 3174 theologia
810 3094 976 3174 regentis,
998 3113 1056 3174 per
1072 3093 1217 3156 multum
1232 3099 1362 3171 tempus
1378 3094 1567 3156 auditorem

385 3196 492 3258 fuisse
511 3193 680 3257 memoriae
697 3192 797 3256 tradit
808 3199 833 3252 Ι.
852 3193 948 3268 Quod
964 3200 1074 3254 autom
1091 3192 1226 3252 boatum
1239 3189 1401 3252 Thomam
1412 3191 1566 3270 Aquina-

388 3300 453 3356 tem
469 3293 505 3354 in
520 3291 660 3356 Colonia
675 3291 805 3354 socium
822 3297 901 3352 tunc
916 3288 1088 3361 habuerit,
1104 3306 1201 3350 nemo
1217 3305 1367 3366 unquam
1382 3287 1483 3350 cortis
1499 3287 1567 3349 lul·

387 3399 441 3454 tus
456 3389 665 3453 documentis
681 3387 933 3460 demonstravit,
950 3405 1027 3448 cum
1042 3385 1076 3446 id
1091 3405 1126 3448 re
1142 3385 1217 3464 ipsa
1235 3403 1300 3447 non
1316 3385 1462 3463 potuerit
1479 3384 1565 3460 lieri,

386 3487 556 3570 Aquinate
579 3487 772 3566 religiosam
794 3486 899 3548 vitam
920 3485 956 3547 in
976 3485 1093 3547 ordine
1116 3483 1376 3547 Praedicatorum
1398 3502 1465 3546 non
1490 3491 1567 3548 ante

388 3606 515 3651 annum
531 3587 735 3651 MCGXLIII
748 3587 917 3665 professo,
934 3602 1000 3664 quo
1016 3583 1152 3664 quidem
1168 3590 1315 3662 tempore
1330 3581 1568 3662 Cantipraten·

367 3687 435 3750 ‘sis
464 3673 641 3749 Coloniam
670 3683 891 3764 Agrippinam
915 3682 986 3763 jam
1016 3680 1171 3762 pluribus
1200 3679 1326 3742 abhinc
1359 3679 1459 3742 annis
1486 3679 1568 3744 reli-

390 3790 510 3868 querat
523 3787 546 3847 Ι.
635 3838 650 3856 ,,

421 4061 532 4114 libid.

419 4141 444 4194 Ι.
459 4140 543 4200 Ιὺίᾱ,
557 4137 604 4190 tst
617 4140 642 4190 b.

420 4223 443 4274 3.
459 4221 525 4272 Vite
538 4221 643 4270 sonotae
654 4217 814 4282 Lutgordis,
825 4231 841 4267 a
851 4215 1042 4268 Bollondianle
1055 4216 1129 4266 inter
1140 4218 1211 4266 Acta
1222 4217 1396 4266 sanctorum
1408 4211 1484 4279 typis
1495 4226 1571 4264 man·

390 4300 464 4363 dato,
479 4304 555 4351 tomo
568 4298 640 4362 lunil
655 4298 704 4358 111,
721 4312 748 4362 p.
761 4297 805 4348 ‘251
818 4300 844 4358 b,
859 4297 908 4348 lib.
921 4298 955 4362 ΙΙ,
970 4312 1031 4362 cop.
1049 4297 1098 4360 ΙΙΙ,
1114 4296 1127 4361 fl
1141 4295 1181 4347 38.

421 4382 445 4433 Ι.
461 4380 504 4434 ct.
524 4382 670 4447 prologum
690 4378 720 4428 ln
734 4378 819 4430 vitem
838 4384 943 4430 sanetur
961 4377 1111 4444 Lutgardis
1123 4390 1131 4438 3
1145 4380 1215 4428 Acta
1229 4379 1419 4438 Sanctorum,
1441 4378 1509 4428 tom.
1523 4375 1569 4440 Ju-

390 4463 430 4514 nii
445 4460 596 4526 111,p.‘t³t
611 4475 636 4515 a.

421 4543 444 4596 5.
461 4541 597 4606 Prologus
611 4540 641 4592 ln
656 4541 741 4593 vitam
753 4541 890 4594 totannts
905 4541 1013 4593 obbatis
1026 4539 1268 4606 cantipratanum
1282 4541 1442 4602 scrtptom
1456 4540 1570 4591 ordinis

375 4624 624 4694 fraumentorum,
639 4625 659 4672 t.
676 4622 698 4686 Ι,
714 4637 741 4686 p.
754 4621 801 4674 252
817 4625 841 4674 b.

419 4702 443 4754 6.
459 4707 572 4754 bonum
588 4704 761 4768 universate,
776 4704 823 4756 lib.
839 4703 876 4767 ΙΙ,
892 4717 952 4769 cap.
970 4715 1039 4767 nvn,
1056 4702 1124 4767 150.
1194 4689 1197 4697 Δ

422 4783 447 4833 Ι.
464 4785 624 4844 scriptores
638 4785 752 4834 ordint·
764 4785 999 4846 Proedteatorum,
1014 4785 1034 4835 t.
1047 4781 1069 4844 l,
1086 4798 1113 4846 p.
1129 4781 1176 4832 250
1191 4784 1215 4833 b.
