3644 5450
845 613 1004 673 ..14-

338 756 400 831 tis,
420 771 493 837 quae
511 751 670 818 aTbome
685 747 934 828 Cantipratensi
949 762 1124 810 emanasse
1138 743 1306 818 dicuntur,
1326 759 1436 806 sermo
1449 740 1511 803 ha-

337 854 468 918 bendus
485 859 546 915 est.

378 955 418 1015 Et
436 951 544 1031 primo
562 948 697 1030 quidem
716 946 850 1009 Thomas
869 945 981 1008 verbis
998 944 1131 1007 videtur
1146 941 1364 1016 credendum,
1382 939 1510 1003 decimo

338 1057 456 1131 quarto
477 1051 516 1110 De
536 1057 776 1109 patriotarum
795 1042 882 1104 libro
902 1042 1065 1105 dicentis¹
1082 1059 1117 1103 se
1135 1045 1313 1103 tractatum
1329 1057 1348 1101 a
1367 1039 1510 1118 quodam

338 1149 470 1221 Judaeo,
487 1145 646 1208 hebraica
660 1142 821 1204 nimirum
840 1140 973 1219 lingua,
996 1140 1036 1201 de
1054 1138 1222 1218 lapidibus
1243 1137 1400 1217 pretiosis
1422 1153 1512 1198 com-

338 1245 485 1323 positum
504 1243 541 1303 in
555 1242 694 1303 latinam
710 1240 861 1316 linguam
876 1235 1101 1300 transtulisse.
1120 1236 1215 1311 Quod
1231 1237 1378 1314 proiecto
1396 1251 1511 1296 verum

339 1359 413 1404 esse
434 1341 615 1403 arbitratus
636 1347 686 1400 est
700 1337 864 1399 Dominus
879 1335 1052 1398 lohannes
1068 1333 1219 1411 Baptista
1234 1333 1344 1406 Pitra,
1360 1331 1420 1392 ubi
1440 1332 1512 1408 Spi-

339 1441 447 1516 cilepio
461 1438 661 1500 Solismcnsi²
681 1452 763 1513 opus
782 1433 944 1505 inseruit,
962 1431 1016 1492 cui
1036 1430 1180 1492 titulus:
1199 1455 1213 1484 e
1233 1431 1345 1503 Getici,
1363 1439 1419 1489 aut
1432 1437 1513 1489 vele·

338 1555 412 1597 rom
428 1536 604 1596 loiadon
616 1533 868 1610 pipsioloporom
889 1530 923 1590 de
944 1529 1097 1605 lapidibus
1118 1529 1292 1600 seolcolia5
1309 1527 1356 1588 ait
1371 1525 1461 1587 enim
1477 1541 1513 1586 se

338 1633 464 1694 librum
485 1648 562 1693 eum
585 1654 599 1686 o
624 1629 665 1690 ad
685 1628 786 1689 iidem
807 1625 1039 1704 cantipratani
1062 1650 1075 1680 a
1102 1643 1140 1688 ex
1169 1625 1281 1687 codice
1305 1623 1510 1696 Mazarineo,

340 1747 439 1810 quem
455 1745 531 1791 cum
547 1725 800 1791 Sanvictoriano
818 1723 1013 1797 contulerit,
1031 1722 1252 1800 evulgavisse.

381 1830 547 1889 Praeterea
564 1825 724 1906 quosdam
740 1821 931 1886 Aristotelis
949 1821 1053 1884 libros
1065 1839 1084 1884 a
1098 1822 1225 1884 Thema
1235 1820 1514 1900 Cantipratensie

341 1927 455 1988 Graeco
471 1940 623 1986 sermone
638 1922 674 1984 in
693 1921 836 1983 latinum
858 1938 972 1983 versos
991 1937 1064 1983 esse
1085 1919 1257 1985 lohannes
1273 1919 1512 1993 Trittbemius,

340 2030 415 2104 post
428 2041 504 2086 eum
522 2020 582 2084 alii
600 2020 804 2100 complures,
818 2038 836 2082 e
852 2019 975 2100 quibus
992 2019 1156 2098 Georgius
1172 2018 1406 2094 Celvenerius,
1424 2017 1515 2080 arbi-

341 2121 420 2184 trati
436 2128 515 2184 sunt
525 2123 548 2181 ³.
565 2119 767 2183 Auctoribus
783 2117 990 2192 autemillis,
1012 2118 1116 2181 donec
1131 2126 1258 2181 certum
1274 2117 1410 2199 quidde
1426 2135 1465 2180 ea
1479 2134 1515 2179 rc

341 2220 606 2283 demonstratum
620 2218 739 2293 luerit,
757 2217 897 2280 minime
910 2216 1162 2279 assentiendum
1175 2217 1317 2280 videtur.

382 2319 452 2382 Nec
466 2317 574 2395 magis
590 2317 631 2378 ad
651 2333 727 2378 eum
749 2322 898 2394 spectare
921 2315 1089 2378 credimus
1111 2315 1287 2395 quemdam
1311 2322 1514 2378 commenta-

341 2417 432 2478 rium
455 2415 490 2477 in
514 2415 638 2475 librum
662 2414 772 2476 Boetii
795 2416 835 2474 lle
858 2415 1026 2498 disciplina
1048 2415 1255 2488 scholarium,
1277 2431 1377 2494 quem
1402 2420 1516 2476 nostra

342 2521 438 2575 aetate
460 2512 598 2593 quidam
613 2510 747 2574 Thomas
768 2510 1016 2590 Cantipratensi
1035 2511 1212 2590 adscripsit
1225 2513 1247 2571 ⁴.
1268 2513 1408 2573 Beatum
1424 2510 1514 2573 enim

342 2609 504 2672 Thomam
520 2609 724 2688 Aquinatem
735 2609 824 2670 inter
846 2610 985 2671 Sanctos
1005 2616 1118 2669 noster
1136 2608 1276 2669 minime
1295 2609 1402 2686 potuit
1421 2627 1516 2687 repo-

343 2723 441 2779 nere,
463 2705 551 2785 quod
570 2705 705 2783 quidem
724 2705 791 2782 egit
810 2705 910 2768 istius
932 2705 1042 2782 operis
1064 2704 1221 2782 scriptor,
1239 2704 1354 2767 dicens
1373 2724 1379 2765 :
1399 2728 1413 2760 a
1431 2707 1515 2766 Item

342 2801 526 2864 notandum
547 2800 636 2880 quod
655 2801 805 2874 luxuria,
830 2801 1014 2862 secundum
1036 2808 1188 2862 sanctum
1208 2800 1386 2876 Thomam,
1410 2807 1460 2862 est
1477 2817 1514 2862 cs

342 2899 526 2960 immundis
541 2898 720 2960 desideriis
735 2898 935 2976 proveniens
948 2901 972 2957 ⁸.
992 2921 1006 2952 e

381 2996 476 3072 Quod
491 3014 569 3058 vero
581 2995 724 3058 Thomas
735 2996 1003 3075 Cantipratensis
1016 3013 1077 3058 nec
1087 2995 1279 3058 Aristotelis
1293 2995 1396 3060 libros
1410 3003 1514 3060 trans·

343 3092 473 3168 tulerit,
501 3110 562 3154 nec
583 3092 693 3154 Boetii
715 3093 880 3171 interpres
904 3091 1024 3165 luerit,
1047 3109 1112 3153 non
1132 3111 1217 3171 aegre
1242 3094 1417 3156 ier-endum
1443 3102 1515 3170 cst;

343 3190 524 3253 nonenim
550 3207 665 3252 eorum
689 3207 790 3251 causa
816 3207 889 3268 quia
913 3207 952 3250 ex
979 3188 1055 3250 aliis
1080 3190 1280 3268 desumpsit,
1305 3191 1364 3254 sed
1384 3200 1517 3270 propter

343 3287 402 3350 illa
426 3306 499 3367 quaa
514 3287 615 3361 vidit,
633 3305 772 3367 quinque
788 3286 885 3348 nobis
907 3286 946 3348 dc
965 3285 1037 3347 suis
1052 3287 1238 3366 inqrialibus
1260 3289 1425 3364 narravit,
1442 3288 1517 3366 plu-

343 3385 467 3445 rimum
487 3392 518 3446 et
534 3402 594 3446 suo
613 3391 759 3464 tempore
774 3383 882 3457 lama,
901 3391 933 3444 el
949 3383 1036 3461 apud
1050 3392 1199 3461 posteros
1216 3385 1329 3462 gratim
1344 3393 1518 3449 assecutus

344 3491 405 3545 cst.
420 3484 519 3547 Nunc
534 3483 709 3544 addonem
729 3484 906 3544 universale
926 3483 961 3543 de
981 3484 1100 3562 aptius,
1119 3501 1183 3562 quo
1207 3483 1294 3545 nibil
1313 3483 1434 3548 melius
1455 3485 1519 3546 uti·

343 3580 452 3644 liusve
466 3581 616 3661 scripsit,
633 3581 853 3644 redeundum.

378 3879 399 3927 1.
416 3876 539 3941 Leopold
558 3877 669 3939 Delisle,
686 3880 808 3928 Histoire
824 3880 961 3928 litiereire
977 3882 1011 3929 de
1027 3882 1054 3929 la
1068 3883 1190 3941 Franco,
1206 3885 1225 3930 t.
1242 3880 1328 3944 XXX,
1344 3896 1370 3945 p.
1384 3881 1439 3931 368.

374 3958 398 4012 i.
414 3959 445 4008 Τ.
460 3959 513 4018 ΙΙΙ,
527 3974 554 4022 p.
567 3958 613 4009 335
624 3958 716 4021 (1855).

376 4041 398 4093 8,
419 4041 572 4089 Auctorem
595 4039 705 4089 illorum
727 4041 879 4090 sententias
901 4041 934 4089 ad
957 4041 1088 4090 Thomam
1108 4047 1266 4105 spectantes
1286 4043 1468 4094 (lolvenorius
1489 4044 1517 4092 in

345 4122 441 4184 primis
454 4120 587 4169 editionis
600 4134 667 4179 suae,
682 4134 755 4168 anno
771 4120 829 4170 16‘27
840 4122 986 4184 evulgatae,
999 4123 1108 4185 paginis
1122 4124 1246 4186 colleglt;
1258 4137 1376 4187 quorum
1387 4125 1515 4188 opinioni

345 4201 449 4250 nostris
464 4199 546 4249 etiam
559 4200 658 4249 diebus
674 4200 786 4262 quidam
801 4214 945 4250 assensum
960 4203 1031 4251 loric
1047 4205 1192 4265 praebuere
1208 4217 1214 4253 :
1232 4207 1380 4265 Galalopue
1394 4207 1425 4264 o!
1436 4208 1518 4255 addi·

346 4283 422 4330 lions
438 4285 464 4328 to
479 4282 523 4328 tlte
539 4282 735 4340 manuscripts
750 4281 781 4328 in
797 4283 842 4328 ibe
854 4283 959 4329 Britislt
975 4286 1115 4343 Muscam,
1133 4282 1279 4344 1848-1853,
1296 4297 1324 4332 n.
1342 4283 1426 4335 17345.

375 4359 398 4409 l.
416 4358 572 4422 (dumphen,
586 4362 713 4408 Annales
728 4363 762 4408 de
777 4363 803 4408 la
819 4363 1002 4422 tppoprapltie
1018 4363 1216 4412 neerlandaise
1236 4377 1272 4412 au
1287 4367 1347 4413 XV·
1362 4366 1461 4423 siecle,
1477 4363 1515 4414 La

345 4439 434 4503 llaye,
453 4439 529 4490 18742
544 4439 678 4489 Boethius
691 4441 739 4502 (ou
754 4439 1215 4506 plutbt'l'lrornastleilantirnp1·el,
1231 4448 1268 4492 De
1283 4446 1439 4506 discipline
1454 4459 1517 4494 sco-

344 4523 460 4570 larium.
478 4520 530 4569 Hie
545 4519 635 4570 Boelii
651 4524 794 4581 tractatus,
808 4519 903 4570 addito
918 4520 993 4570 dicto
1010 4524 1218 4583 commentario,
1232 4524 1337 4587 pluries
1350 4525 1425 4588 typis
1442 4539 1515 4575 men·

344 4599 425 4649 datus
441 4604 492 4658 est,
508 4598 624 4651 Lovanii
640 4600 780 4661 videlicet,
794 4615 868 4651 anno
882 4602 951 4663 1487,
965 4603 1135 4665 barentum,
1147 4603 1229 4654 annis
1243 4603 1313 4666 1490,
1328 4603 1387 4656 itai
1403 4609 1431 4656 et
1446 4605 1518 4669 1496,

344 4678 525 4743 (loloniaeque
540 4680 711 4744 Agrippinae,
728 4693 801 4730 enno
818 4681 887 4732 1498.

375 4761 398 4809 5.
414 4758 486 4809 Vide
499 4759 650 4809 editionem
662 4761 744 4823 hujus
760 4761 854 4823 operis
869 4761 1081 4821 Lovenlensem,
1096 4763 1145 4817 iol.
1161 4763 1190 4815 15
1205 4772 1243 4816 ν’.
