3644 5450
858 625 1019 688 48..

350 765 382 826 et
405 759 477 840 ipsc
500 761 635 822 modum
657 758 852 839 plerumque
882 760 1063 834 excedens,
1092 758 1271 824 cavillatur
1300 765 1332 823 et
1360 759 1521 840 flagellat,

350 860 447 940 quasi
463 877 511 934 ea,
528 877 593 939 qua
609 857 838 936 gloriabantur
853 857 974 918 fratres
989 857 1228 920 Praedicatores
1243 857 1295 920 vel
1312 859 1470 934 Minores,
1488 860 1523 920 in

350 957 515 1036 episcopis
531 955 581 1017 vel
602 954 773 1016 carmnicls
791 955 916 1032 pariter
938 955 1141 1034 requirenda
1158 955 1260 1016 luerit
1277 963 1468 1034 paupertas.
1485 959 1526 1018 bt

350 1054 530 1116 nonnullos
547 1071 627 1115 sane
648 1051 799 1130 prelatos
815 1050 923 1114 obiter
938 1053 979 1114 ab
999 1070 1037 1114 co
1059 1051 1210 1116 laudatos
1226 1052 1333 1114 fuisso
1353 1052 1523 1128 videmus;

296 1189 303 1201 ·
349 1153 501 1214 universi
520 1170 598 1213 vero
617 1151 697 1212 cleri
723 1150 955 1211 auctoritatem
976 1151 1128 1228 repetitis
1150 1149 1349 1212 criminibus
1371 1159 1403 1212 et
1420 1150 1526 1212 nimia

350 1249 519 1319 irrisione,
539 1255 701 1326 quantum
720 1247 756 1306 in
772 1264 810 1307 eo
829 1255 915 1318 crat,
935 1247 1118 1306 imminuit.
1144 1247 1194 1306 Ad
1214 1246 1276 1306 boc
1294 1247 1383 1306 cuim
1406 1254 1525 1307 natura

349 1345 447 1423 proni
467 1361 594 1416 sumus,
620 1349 657 1402 ut
680 1341 730 1414 id,
756 1342 844 1420 quod
868 1341 1038 1420 aliquibus
1059 1359 1125 1401 uon
1150 1341 1275 1420 injuria
1295 1340 1464 1421 objicitur,
1483 1341 1526 1402 ad

349 1459 465 1504 omnes
486 1440 655 1519 pertinere
674 1438 865 1512 credamus,
887 1455 995 1517 neque
1018 1438 1053 1498 id
1072 1438 1204 1500 Thomas
1226 1438 1394 1498 inanimo
1418 1439 1524 1500 luisse

350 1538 563 1610 arbitramur,
581 1545 617 1598 ut
633 1537 672 1597 de
694 1536 810 1614 paucis
832 1535 1036 1615 loqueretur,
1059 1535 1118 1596 ubi
1134 1535 1243 1595 dixit:
1267 1537 1373 1598 «Nou
1394 1544 1525 1597 tantum

348 1635 505 1715 impium,
528 1634 630 1695 irnmo
651 1632 850 1710 sacrilegum
870 1632 998 1713 judico,
1020 1639 1057 1694 ut
1079 1633 1155 1712 quis
1174 1632 1276 1694 abbas
1296 1633 1349 1696 vel
1368 1633 1524 1712 praelatus

242 1743 257 1764 ⁴
349 1732 584 1814 spiritualibus
600 1730 692 1803 filiis,
710 1731 833 1811 quibus
850 1748 978 1792 summe
994 1737 1137 1804 tenetur,
1155 1731 1309 1792 detrabat
1320 1731 1522 1806 necessaria,

350 1840 383 1896 et
397 1832 534 1895 famulis
548 1829 716 1910 superflua
732 1829 906 1908 largiatur,
926 1829 1047 1908 pannis
1065 1828 1188 1892 vilibus
1204 1829 1276 1904 isti,
1298 1828 1351 1891 illi
1366 1831 1525 1892 comitum

348 1930 506 1995 mollibus
528 1930 727 2004 vestiantur,
745 1929 804 1992 isti
822 1928 969 1992 vaccinis
985 1929 1107 1992 calceis
1125 1929 1296 2004 sordeant,
1313 1929 1365 1991 illi
1381 1929 1524 1993 hircinis

349 2031 457 2095 ocreis
475 2030 606 2093 niteant
623 2031 644 2091 ¹.
661 2054 675 2085 a

388 2129 545 2194 Ceterum
561 2127 716 2200 clericos,
735 2127 815 2189 licet
835 2127 871 2187 in
890 2145 946 2190 eos
967 2127 1147 2190 manifesta
1163 2135 1274 2190 motus
1296 2127 1440 2201 invidia,
1458 2146 1525 2190 non

348 2245 504 2306 expresse
518 2226 593 2288 ideo
609 2225 787 2303 vituperat,
805 2224 893 2304 quod
908 2225 1004 2305 cquis
1019 2232 1168 2299 utantur,
1189 2233 1246 2287 aut
1261 2244 1414 2304 asperam
1431 2244 1525 2288 men-

349 2324 533 2387 dicantium
559 2324 703 2385 fratrum
725 2341 791 2384 non
816 2322 1059 2401 amplectantur
1079 2323 1193 2385 vitam.
1218 2324 1307 2399 Quin
1332 2324 1525 2404 junioribus

349 2423 529 2502 aliquando
545 2421 581 2483 id
594 2421 743 2501 permitti
763 2420 860 2495 dicit,
876 2429 913 2481 ut
934 2420 1082 2483 falcones
1099 2421 1149 2483 vel
1170 2421 1346 2500 accipitres
1367 2422 1523 2498 habeant,

349 2528 382 2583 et
398 2545 412 2577 a
429 2521 464 2580 in
481 2520 599 2583 avibus
613 2519 684 2580 caeli
697 2518 824 2592 ludant,
843 2518 980 2580 servitio
996 2518 1144 2581 ccclesiae
1158 2537 1224 2581 non
1240 2519 1367 2595 relicto,
1384 2520 1477 2582 horis
1493 2529 1526 2583 et

350 2618 555 2698 temporibus
573 2617 741 2694 congruis,
759 2634 801 2680 ne
816 2616 1040 2678 tentationum
1055 2617 1262 2679 diversarum
1275 2617 1431 2680 lluctibus
1445 2618 1525 2680 sub-

348 2722 491 2779 ruantur
508 2707 529 2775 ².
556 2738 569 2769 a
592 2713 657 2776 Sed
679 2713 714 2773 in
738 2712 815 2775 illos
838 2713 1053 2791 potissimum
1077 2713 1316 2789 stomachatur,
1340 2715 1399 2795 qui
1421 2733 1521 2794 saepe,

348 2813 473 2895 quietis
489 2813 715 2892 impatientes,
736 2835 750 2866 <1
775 2811 849 2873 sinc
867 2809 937 2872 ulla
954 2811 1155 2874 necessitate
1169 2811 1306 2889 negotii,
1326 2829 1401 2873 cum
1417 2813 1523 2873 maxi-

347 2913 413 2976 mis
429 2910 616 2991 dispendiis
638 2917 669 2973 et
684 2907 847 2988 impensis
872 2908 1022 2972 crebrius
1039 2917 1221 2988 evagantur
1235 2900 1257 2984 ³,
1284 2933 1298 2966 t
1317 2909 1370 2973 vel
1390 2909 1449 2990 qui
1465 2928 1523 2972 cu-

346 3031 420 3075 ram
439 3010 629 3074 animarum
651 3007 717 3072 sibi
738 3007 950 3071 commissam
970 3007 1177 3083 deserentes,
1195 3008 1310 3087 procul
1329 3008 1523 3087 aparocbia

346 3109 459 3171 vivere
477 3107 586 3170 solent
605 3109 625 3166 ⁴.
656 3108 704 3168 De
726 3124 791 3187 quo
811 3107 948 3186 quidem
966 3106 1084 3180 locuti,
1113 3125 1183 3168 rem
1206 3107 1421 3185 attingimus,
1449 3125 1523 3188 quae

345 3207 528 3269 multorum
544 3205 673 3267 animos
691 3212 771 3266 tuno
784 3204 988 3273 sollicitavit,
1001 3205 1252 3284 anquirentium
1268 3223 1413 3284 quonam
1427 3205 1522 3268 modo

346 3305 380 3365 id
402 3305 476 3366 lieri
497 3312 624 3382 posset,
650 3310 686 3362 ut
709 3321 797 3362 unus
819 3299 917 3360 lunuo
939 3301 1085 3378 plurium
1105 3302 1343 3363 ltcncllcicrurn
1363 3303 1399 3362 in
1419 3303 1522 3364 variis

347 3400 499 3463 ecclesiis
514 3399 677 3472 detentor,
694 3399 729 3459 in
744 3398 814 3459 illis
827 3397 943 3459 eodem
957 3405 1102 3475 tempore
1115 3399 1281 3476 pastorale
1291 3399 1438 3459 officium
1452 3417 1471 3460 a
1486 3417 1522 3462 sc

346 3503 538 3575 susceptum
556 3495 655 3573 digne
672 3501 850 3556 exerceret.
868 3494 919 3554 Ad
938 3484 1174 3572 quod'econtra
1189 3495 1433 3574 respondebant
1450 3493 1519 3567 alii,

345 3594 505 3658 ecclesias
522 3593 576 3656 vel
596 3591 802 3672 praebendas,
823 3590 954 3654 clericis
977 3591 1216 3671 cujuscumque
1233 3593 1366 3670 generis
1385 3611 1522 3656 conces-

346 3711 412 3768 sas,
427 3692 624 3774 plerumque
640 3690 722 3752 adeo
737 3698 855 3751 tenues
868 3688 920 3751 vel
933 3707 1096 3767 pauperes
1112 3707 1201 3764 esse,
1216 3699 1253 3752 ut
1269 3690 1305 3751 in
1320 3709 1389 3752 una
1406 3710 1472 3753 non
1487 3691 1522 3754 id

344 3789 586 3854 inveniendum
599 3796 698 3861 esset,
714 3786 803 3849 unde
820 3786 997 3866 presbyter
1011 3786 1063 3848 vel
1076 3788 1257 3850 canonicus
1273 3788 1412 3852 honeste
1428 3789 1521 3852 vive-

343 3895 405 3950 ret.
423 3889 552 3965 Magnae
566 3886 740 3965 longaeque
761 3884 839 3946 inda
858 3884 944 3960 lites,
964 3885 1087 3964 quibus
1110 3893 1141 3947 et
1160 3885 1391 3964 theologorum
1408 3905 1518 3966 opera,

343 3994 376 4050 ct
396 3985 596 4066 scriptorum
614 3983 787 4060 chronica,
809 3992 841 4046 et
857 4002 1065 4046 summorum
1088 3986 1282 4063 pontificum
1306 3993 1379 4048 acta
1396 3987 1520 4048 referta

343 4093 433 4150 sunt.
472 4086 552 4162 Quae
585 4085 686 4147 ctiam
718 4089 756 4145 ut
794 4083 1049 4159 dirimerentur,
1090 4085 1188 4148 annis
1225 4085 1444 4150 MCCXXXV
1488 4094 1520 4149 et

342 4183 625 4253 MGGXXXVIII,
643 4188 844 4245 convocante
859 4188 892 4244 et
905 4182 1105 4262 praesidente
1129 4183 1309 4246 Guillelmo
1332 4183 1518 4246 Parisiensi

376 4405 398 4460 l.
413 4403 436 4470 1,
451 4416 534 4468 xvru,
552 4404 575 4468 l,
588 4419 617 4470 p.
631 4403 672 4457 65.

372 4486 397 4538 2.
412 4486 434 4552 Ι,
448 4499 497 4551 xx,
513 4487 536 4538 5.
552 4485 624 4536 vtda
639 4499 672 4536 aa
686 4497 749 4549 quse
764 4483 798 4535 dc
812 4483 930 4549 Hugone
943 4482 1049 4535 decano
1060 4483 1253 4536 camaracensi
1264 4485 1398 4550 narravit,
1413 4487 1470 4550 qui,
1483 4485 1517 4537 ad

340 4566 555 4619 Oisterclensem
572 4565 699 4616 ordinem
713 4579 743 4616 sa
758 4566 919 4630 conferens,
935 4565 964 4615 in
979 4565 1074 4615 limine
1090 4567 1251 4617 monasterii
1267 4567 1429 4631 accipitrum
1448 4570 1517 4619 libs-

340 4661 403 4699 rum
418 4647 524 4697 dlmisil
537 4647 643 4710 (lota).

372 4727 396 4779 8.
412 4727 434 4791 1,
449 4739 532 4789 xvru,
551 4727 573 4792 l,
588 4741 616 4792 p.
632 4726 681 4782 68..

373 4808 398 4862 l.
414 4807 437 4876 1,
453 4820 515 4873 xix,
529 4808 552 4860 8.
