3644 5450
741 461 743 465 ⁵
828 499 1019 588 kas-u

353 657 417 740 tur)
427 657 606 721 usurarius
622 657 788 737 pessimus
801 665 834 719 et
846 657 1012 719 obnoxius
1025 655 1141 718 multis
1154 657 1281 718 malis¹.
1300 681 1314 713 a
1330 656 1531 731 Sacerdotis,

355 773 454 834 quem
471 754 537 816 sibi
555 754 701 828 'l'homas
717 753 851 816 itineris
868 753 996 815 socium
1016 760 1254 831 assumpserat,
1272 753 1397 816 daemon
1414 754 1533 815 faciem

355 853 484 926 induit,
507 851 669 930 piumque
692 851 892 912 monachum
918 852 1007 912 circa.
1027 851 1113 911 'solis
1135 859 1263 922 ortum,
1288 851 1328 911 ad
1352 852 1535 912 fenestram

356 956 460 1022 stane,
478 948 651 1010 immundo
670 948 787 1010 babitu
805 948 934 1010 deridet
946 953 970 1007 ².
1462 1013 1464 1017 y

393 1045 565 1108 Acerrime
582 1052 695 1107 noster
710 1045 786 1107 odio
806 1063 862 1108 eos
879 1045 1045 1106 daemones
1061 1053 1258 1124 prosecutus
1274 1052 1339 1118 est,
1358 1063 1441 1126 quos
1457 1051 1537 1108 tune

356 1143 496 1206 incubos
521 1142 760 1216 nominabant,
785 1143 899 1221 aitque
925 1141 991 1204 sibi
1014 1142 1142 1220 pluries
1165 1161 1297 1216 earum,
1315 1161 1388 1222 quae
1402 1150 1538 1221 peccata

357 1239 612 1312 confitebantur,
630 1239 820 1300 innotuisse
835 1237 944 1299 relatrr
963 1263 976 1292 α
993 1237 1133 1300 incubos
1149 1239 1315 1300 dmrrrones
1331 1239 1538 1316 oppressisse

357 1336 501 1400 feminas
517 1336 690 1416 quasdam,
706 1335 790 1397 alias
806 1335 960 1397 venereis
976 1335 1307 1398 confabulationibus
1323 1335 1364 1397 ad
1379 1335 1538 1397 concubi-

358 1440 428 1496 tum
442 1423 625 1496 illexisse³.
645 1457 658 1488 t
676 1434 705 1495 A
719 1433 842 1512 quibus
859 1433 995 1512 atridem
1013 1433 1167 1496 infelices
1183 1433 1333 1512 virgines
1347 1451 1406 1512 per
1420 1432 1537 1512 longos

359 1550 464 1595 annos
480 1549 565 1611 saepe
580 1531 770 1594 stimulatas
786 1539 818 1595 et
835 1531 1033 1594 sollicitatas
1046 1551 1120 1594 esso
1132 1533 1246 1596 refert.
1260 1534 1331 1594 Hoc
1345 1533 1433 1594 inter
1449 1539 1538 1595 cete-

358 1649 413 1693 ras
438 1638 572 1710 experta
597 1631 748 1711 quaedam
769 1630 1054 1704 sanctimonialis,
1072 1630 1113 1691 ab
1131 1630 1253 1692 incubo
1272 1631 1420 1692 daemone
1434 1629 1538 1691 beatae

360 1727 537 1806 liutgardis
553 1727 762 1789 orationibus
777 1737 809 1790 et
823 1727 953 1808 jejunio
967 1727 1110 1790 liberata
1121 1731 1144 1786 ⁴.
1167 1727 1298 1788 Dicitur
1318 1727 1378 1788 illa
1396 1727 1431 1787 in
1451 1727 1539 1804 vigi·

360 1825 406 1888 lia
427 1828 642 1889 Pentecostes
666 1824 846 1906 aliquando
868 1825 1000 1887 cuidam
1022 1825 1220 1897 Clrristinae,
1240 1825 1338 1888 sociae
1353 1843 1436 1899 sure,
1459 1843 1539 1887 con-

359 1923 450 1986 fessa
470 1941 559 1998 esse,
580 1941 599 1983 a
620 1922 845 2001 suscipiendis
864 1923 1083 1984 sacramentis
1106 1941 1142 1984 se
1164 1929 1340 2002 propterea
1364 1922 1537 1996 deterreri,

361 2020 448 2100 quod
464 2038 483 2081 a
500 2019 649 2083 daemone
667 2021 770 2083 nimis
785 2029 971 2084 vexaretur.
990 2020 1173 2099 Compassa
1188 2038 1265 2098 ergo
1280 2021 1411 2082 miserae
1426 2020 1539 2084 Chris·

361 2117 442 2192 tina,
463 2137 498 2202 se
514 2117 665 2197 proxima
680 2127 776 2180 nocte
791 2118 950 2180 dramonis
966 2117 1111 2198 impetus
1126 2119 1162 2178 in
1179 2136 1214 2179 se
1230 2119 1338 2196 ipsam
1352 2118 1440 2179 ultro
1458 2136 1538 2180 con-

360 2234 534 2278 versorem
553 2217 744 2294 profitetur,
766 2223 803 2277 ut
824 2216 940 2294 paucis
963 2215 1081 2277 saltem
1104 2215 1197 2277 horis
1220 2215 1415 2293 qarotidiana
1431 2222 1540 2277 tenta-

361 2313 451 2376 tione
467 2313 629 2376 immunis
645 2313 719 2386 illa,
737 2332 857 2392 corpus
873 2313 1000 2378 Christi
1013 2313 1105 2375 licite
1121 2312 1294 2391 suscipiat.
1314 2337 1327 2368 a
1343 2315 1537 2388 Neomare,

360 2431 435 2476 cum
451 2431 487 2476 se
501 2412 611 2492 sopori
625 2413 783 2486 dedisset,
801 2412 895 2474 audit
912 2421 1030 2492 praeter
1045 2411 1180 2474 solitum
1197 2412 1232 2472 in
1249 2419 1433 2474 stramento
1449 2412 1539 2474 cubi-

360 2510 403 2573 lis
423 2510 477 2574 sui
495 2511 592 2591 quasi
616 2511 797 2590 porcellum
820 2519 1082 2574 commoventem
1103 2529 1138 2573 se
1154 2518 1186 2573 et
1201 2510 1388 2590 inquietius
1409 2511 1541 2590 agitan-

361 2617 437 2672 tem.
458 2633 472 2665 a
489 2610 541 2671 Ab
559 2627 597 2673 eo
612 2609 717 2688 igitur
732 2629 790 2689 per
806 2618 906 2672 totam
923 2617 1070 2683 noctem,
1091 2627 1181 2670 nuno
1199 2627 1356 2686 surgens,
1374 2627 1463 2671 nunc
1476 2609 1540 2672 ite-

360 2725 435 2769 rum
449 2707 660 2781 recumbens,
676 2708 757 2770 adeo
773 2716 921 2782 vexatur,
937 2715 974 2770 ut
989 2727 1087 2770 mane
1102 2709 1190 2768 facto
1206 2707 1246 2768 ad
1259 2707 1401 2768 amicam
1414 2705 1539 2781 currat,

361 2810 392 2866 et
410 2823 443 2864 :a
459 2805 641 2878 Renuntio‚
652 2804 774 2884 inquit,
790 2823 896 2882 pmnm
910 2812 988 2878 laram
1009 2805 1061 2865 vix
1080 2805 1153 2866 sine
1166 2804 1242 2866 vitre
1257 2805 1452 2866 discrimine
1470 2805 1541 2866 vio-

360 2899 499 2964 lentiam
516 2901 742 2964 crudelissimi
759 2903 934 2964 tentatoris
948 2902 1039 2964 eversi
1054 2907 1078 2961 ⁵.
1095 2927 1108 2956 a

401 2999 558 3064 Ceterum
576 3000 684 3073 varia,
701 3009 738 3062 ut
753 3000 789 3061 in
808 3000 1030 3074 animalibus,
1048 3001 1096 3061 ita
1112 3001 1202 3062 inter
1217 3001 1382 3062 daemones
1398 3019 1541 3078 genera3

361 3115 470 3176 neque
492 3096 554 3158 hoc
576 3116 656 3160 sane
676 3117 695 3159 a
715 3098 842 3160 'llroma
864 3098 1114 3175 Cantipratensi
1135 3098 1353 3158 adinventum
1375 3115 1448 3158 esse
1471 3116 1543 3159 cre-

361 3192 430 3254 das.
447 3194 590 3255 lncubos
606 3193 708 3266 enim,
723 3195 846 3256 Dusios
863 3213 995 3272 quoquo
1011 3194 1252 3266 velllusioues,
1266 3193 1364 3270 longo
1380 3201 1457 3254 curte
1474 3193 1543 3255 haue

360 3297 506 3368 tempore
530 3299 563 3352 et
586 3298 722 3352 sanctus
743 3291 977 3367 llugrrstinus⁶
995 3298 1027 3352 ot
1046 3291 1195 3352 Isidorus
1213 3291 1425 3367 llispalensis
1444 3296 1541 3352 notos

361 3385 789 3450 habue1·e.DeDusionum
813 3407 890 3450 voro
917 3389 1105 3450 dmruonum
1127 3387 1284 3467 operibns
1308 3396 1420 3449 noster
1440 3387 1546 3448 multa

362 3501 398 3546 se
412 3486 602 3565 percepisse
619 3486 763 3559 nuntiat,
783 3487 951 3565 refertque
971 3512 984 3541 «
1003 3487 1150 3549 Pressius
1167 3486 1310 3563 gentiles
1328 3511 1341 3540 »
1358 3485 1428 3548 illis
1444 3486 1546 3548 etiam

363 3589 442 3645 tunc
458 3583 561 3646 silvas
577 3584 748 3664 putavisse
764 3593 994 3659 consecratas,
1015 3605 1156 3664 arrarum
1172 3584 1338 3664 praecipua
1353 3583 1456 3646 libido
1471 3604 1546 3646 mu-

362 3680 484 3765 lierum
498 3691 613 3762 raptus
631 3703 637 3744 :
658 3708 671 3738 ι(
687 3684 742 3746 Sic
759 3690 790 3747 et
807 3703 867 3745 nos
883 3683 983 3747 otiam
1001 3684 1207 3762 temporibus
1225 3684 1460 3745 modernorum
1478 3685 1547 3746 fre-

363 3788 505 3861 quenter
517 3782 719 3858 audivimus,
730 3782 828 3864 quasi
839 3783 874 3844 in
887 3801 992 3861 agone
1006 3783 1123 3845 mortis
1131 3783 1257 3862 positas
1266 3781 1425 3844 mulieres
1435 3781 1547 3845 subito

362 3879 488 3959 rapi‚et
503 3899 618 3944 earum
628 3881 728 3944 locoa
739 3881 944 3944 drernonibus
957 3883 1117 3960 figmonta
1125 3881 1245 3960 deponi
1259 3889 1290 3944 et
1304 3881 1377 3960 ipsa
1388 3882 1548 3958 llgmcnta

364 3975 539 4040 simillima
548 3979 653 4058 raptis
669 3979 863 4059 corporibus
875 3978 972 4058 quasi
984 3986 1115 4040 mortua
1126 3977 1273 4058 sepeliri,
1286 3979 1376 4040 visas
1387 3997 1465 4040 vero
1473 3997 1547 4057 pos-

400 4200 423 4252 t.
437 4199 473 4262 11,
489 4211 558 4262 svn,
573 4201 597 4252 3.
1112 4241 1116 4252 ,

394 4281 418 4330 f.
433 4281 469 4340 ll,
483 4292 552 4340 nvn,
568 4282 608 4331 ³9.
627 4280 758 4345 ltopldam
775 4282 835 4346 logo
849 4282 991 4345 paginam,
1008 4295 1104 4344 qrram,
1121 4293 1154 4329 no
1174 4280 1284 4344 spurcis
1301 4280 1383 4330 robus
1399 4279 1546 4344 indulgere

365 4361 435 4411 falso
452 4375 612 4425 arguamur,
627 4375 683 4410 non
699 4361 830 4411 duximus
843 4361 1092 4412 transcribendam.

396 4441 418 4492 ³.
435 4441 471 4503 11,
487 4453 557 4503 nvn,
575 4441 619 4503 ¹³3
636 4443 697 4506 etl
713 4442 751 4494 tt.

395 4520 419 4572 f.
436 4521 555 4586 ll,1.vn,
575 4521 611 4573 ll.

395 4603 418 4654 5.
436 4602 472 4668 11,
485 4614 555 4664 surr,
573 4603 609 4655 15.

394 4683 419 4736 θ.
435 4687 473 4734 bo
488 4685 602 4736 ciuitate
615 4686 674 4748 Det,
689 4683 737 4736 lib.
755 4684 816 4749 XV,
832 4699 893 4750 cap.
908 4684 949 4738 2³.
