3644 5450
844 622 1002 680 -26-

340 748 462 824 verba,
491 748 618 828 gallicae
644 750 751 828 magis
777 769 878 831 quarn
902 751 1016 814 latinae
1043 751 1167 829 lingua
1186 748 1439 822 convenientia,
1456 747 1514 810 do-

344 852 550 921 monstrant;
571 847 611 910 de
626 848 770 927 quodam
785 849 875 911 enim
894 847 964 910 viro
979 848 1126 922 locutus,
1144 865 1243 927 quem
1260 846 1295 908 in
1310 844 1515 924 desperatio-

344 961 419 1005 nem
435 945 596 1008 incidisse
611 947 725 1021 refert,
743 946 790 1009 ait
803 965 879 1009 eum
894 972 907 1003 α
921 947 1132 1028 desperatum
1148 964 1221 1010 esse
1236 947 1262 1020 Ι;
1282 969 1296 1001 »
1314 953 1346 1006 et
1358 943 1515 1022 gallicum

341 1042 466 1120 pariter
484 1043 679 1123 scriptorem
697 1044 751 1107 his
774 1062 847 1108 sese
869 1045 1063 1125 prodentem
1082 1043 1387 1126 deprehendimus:
1407 1067 1420 1099 r
1438 1043 1515 1106 Haec

342 1139 439 1203 nobis
457 1141 522 1202 duo
537 1142 659 1205 iratres
674 1143 803 1206 ordinis
818 1144 1088 1216 Praedicatorum,
1106 1145 1283 1224 Reynerns
1299 1150 1331 1204 et
1348 1140 1513 1220 AEgidius,

340 1241 420 1300 sicut
437 1241 487 1300 itti
504 1243 559 1318 qai
574 1240 609 1303 in
625 1240 706 1304 villa
720 1243 872 1318 suerunt,
888 1252 963 1323 post
977 1243 1125 1305 triduum
1141 1261 1206 1322 quo
1225 1241 1295 1304 hoee
1310 1247 1403 1320 gesta
1417 1247 1513 1313 sunt,

339 1337 504 1400 veraciter
518 1339 705 1402 retulerunt
715 1333 738 1402 ².
755 1366 768 1397 a
1150 1393 1151 1398 ,

381 1437 428 1498 Ea
443 1437 547 1514 igitur
565 1436 754 1501 litterarum
774 1439 934 1512 seientia,
950 1439 1126 1501 hominum
1140 1439 1381 1518 regionumque
1397 1437 1516 1499 notitia

340 1533 526 1597 instructus
554 1543 682 1614 noster,
713 1538 754 1600 ad
783 1538 996 1601 scribendum
1026 1538 1065 1600 de
1093 1537 1243 1599 moribus
1276 1536 1433 1616 temporis
1462 1537 1516 1598 sui

341 1632 465 1712 optime
479 1642 616 1713 paratus
632 1643 720 1712 erat;
738 1637 793 1699 eni
807 1636 870 1701 hoc
883 1655 989 1699 unum
1007 1637 1125 1710 detuit,
1142 1645 1179 1698 ut
1191 1635 1283 1716 operi
1299 1654 1360 1698 sno
1374 1636 1515 1698 formam

341 1729 538 1809 imponeret,
555 1751 629 1812 quae
646 1751 708 1796 nee
720 1734 844 1796 rationi
858 1736 944 1797 foret
957 1735 1134 1808 contraria,
1152 1752 1214 1796 nec
1228 1733 1402 1796 fastidium
1415 1749 1516 1811 gene·

341 1843 441 1897 raret.
462 1833 502 1894 iit
517 1832 664 1911 profecto
681 1832 860 1895 dolendum
876 1841 937 1907 est,
957 1851 1033 1896 eum
1050 1832 1174 1912 optimo
1189 1831 1276 1893 libro
1292 1849 1370 1910 apes
1386 1830 1516 1892 immis-

342 1932 571 2011 cuisse,.quae
599 1930 691 1992 nullo
715 1931 812 1993 modo
839 1931 881 1994 ad
904 1950 974 1993 rem
998 1932 1222 2011 pertinebant.
1239 1930 1327 2016 vQuis
1351 1929 1439 1992 enim
1465 1927 1517 1991 vel

344 2047 445 2090 unam
461 2046 500 2090 ex
518 2027 587 2090 illis
603 2028 798 2103 sententiis,
816 2047 889 2109 quae
905 2029 1049 2108 singulis
1065 2028 1230 2108 capitibus
1244 2036 1403 2108 praesunt,
1421 2028 1461 2089 ad
1479 2046 1517 2090 ea

344 2143 417 2205 quae
433 2131 620 2205 sequuntur
637 2132 786 2203 spectare
802 2125 1004 2187 contendat?
1017 2126 1079 2189 Vel
1095 2127 1171 2206 quis
1184 2126 1218 2187 in
1237 2125 1355 2204 primis
1369 2124 1449 2186 libri
1467 2125 1517 2186 fo-

342 2221 399 2284 liis
422 2222 462 2283 de
479 2220 689 2301 praelatorum
705 2221 925 2284 electionibus
941 2224 994 2300 agi
1010 2224 1209 2301 suspicetur,
1228 2222 1298 2283 base
1313 2222 1414 2284 verba
1427 2222 1518 2300 capi-

344 2318 413 2379 tulo
430 2319 607 2397 praeposita
621 2318 759 2396 legens:
778 2343 792 2373 a
816 2320 887 2380 Rex
903 2337 1001 2398 apum
1017 2319 1129 2380 mellei
1145 2319 1264 2380 eoloris
1280 2326 1341 2389 est,
1359 2336 1398 2379 ex
1414 2317 1517 2382 electo

345 2413 425 2476 flore
448 2423 480 2475 et
502 2433 541 2476 ex
561 2414 653 2476 omni
672 2413 767 2493 copia
785 2416 905 2476 iactus.
927 2439 940 2470 a
960 2417 1008 2477 De
1026 2416 1128 2477 fratre
1144 2415 1270 2477 Thema
1289 2415 1412 2492 optime
1431 2424 1519 2478 esset

345 2512 502 2582 meritus,
520 2511 578 2591 qui
598 2512 762 2573 suasisset
780 2519 835 2585 ut,
851 2513 962 2574 reviso
980 2512 1082 2586 libro,
1100 2520 1132 2574 et
1152 2512 1221 2573 hac
1236 2512 1338 2574 verba
1354 2521 1386 2575 et
1404 2512 1518 2575 omnia

344 2608 413 2670 illis
430 2608 556 2669 similia
574 2626 711 2686 prorsus
733 2609 959 2670 crederentur.
984 2611 1056 2671 IIoc
1073 2609 1163 2669 enim
1177 2609 1272 2669 modo
1288 2610 1413 2670 iactum
1431 2617 1519 2671 esset

344 2713 382 2767 ut
403 2722 464 2766 neo
489 2704 528 2766 de
555 2704 641 2766 bono
661 2705 847 2768 universali
872 2723 933 2767 nee
957 2705 997 2767 de
1019 2705 1137 2784 apibus
1163 2713 1294 2766 curaret
1321 2704 1436 2779 lector,
1464 2705 1518 2767 cui

344 2799 407 2862 hoc
425 2818 529 2861 unum
550 2800 585 2862 iu
608 2802 721 2863 animo
735 2809 826 2875 erat,
843 2808 880 2863 ut
901 2801 941 2863 dc
963 2801 1192 2880 praelatorum,
1210 2800 1443 2878 religiosorum
1465 2801 1517 2863 vel

344 2897 542 2960 clericorum
573 2898 722 2961 moribus
754 2917 878 2960 novum
908 2898 989 2979 quid
1019 2898 1181 2973 disceret,
1215 2898 1356 2976 scriptor
1385 2907 1516 2966 autem,

345 2995 464 3074 apibus
481 2996 569 3059 domi
587 2997 859 3073 remanentibus,
879 2997 921 3059 ad
943 3014 997 3072 ea,
1015 3015 1088 3076 quae
1112 2997 1177 3059 sibi
1202 2997 1373 3058 tractando
1389 2998 1515 3072 forent,

344 3095 496 3176 expedito
515 3114 630 3175 gressu
647 3105 849 3177 properaret.

383 3197 478 3272 Quod
495 3196 536 3258 ad
550 3197 726 3258 materiam
741 3197 849 3275 ipsam
871 3197 1005 3271 attinet,
1023 3215 1076 3258 res
1092 3215 1111 3258 a
1125 3195 1251 3258 Thomu
1268 3194 1518 3274 Cantipratensi

345 3313 412 3357 non
439 3293 564 3373 optimo
589 3311 720 3373 semper
746 3295 863 3356 ordine
893 3295 1073 3372 dispositas
1102 3312 1175 3356 esse
1203 3312 1300 3356 nemo
1329 3293 1519 3354 mirabitur.

335 3392 450 3455 'Pauci
466 3391 556 3453 enim
577 3409 615 3453 eo
636 3398 782 3470 tempore
800 3394 894 3454 sucre
915 3393 990 3472 qui,
1008 3391 1184 3454 scribendo
1200 3390 1286 3451 libro
1303 3392 1421 3452 dantes
1442 3408 1520 3469 ope·

346 3509 433 3565 ram,
451 3509 470 3552 a
484 3489 650 3569 principio
666 3489 708 3550 ad
726 3490 827 3552 finem
845 3498 934 3551 recto
953 3489 1084 3550 tramite
1099 3488 1343 3568 processerint,
1363 3506 1425 3550 nee
1439 3506 1520 3550 sane

346 3605 477 3667 aequum
494 3588 538 3650 sit
559 3586 655 3649 illum
672 3595 846 3666 propterea
864 3587 1070 3665 vituperare,
1088 3585 1175 3664 quod
1196 3586 1231 3645 in
1248 3604 1377 3648 errores
1393 3602 1448 3647 eos
1466 3584 1520 3644 in-

346 3683 482 3756 ciderit,
500 3685 559 3764 qui
581 3685 682 3746 etiam
703 3684 740 3744 in
763 3678 943 3744 multorum
959 3683 1093 3763 seriptis
1116 3691 1195 3744 tune
1212 3682 1517 3760 deprehenduntur,

346 3778 432 3842 libro
452 3781 491 3842 de
513 3781 659 3860 praelatis
685 3781 799 3861 plura,
826 3799 898 3862 quae
919 3781 960 3842 ad
982 3780 1133 3842 subditos
1155 3787 1322 3858 spectant,
1346 3779 1517 3852 inserens,

344 3877 423 3940 inde
441 3877 477 3938 in
491 3877 578 3940 libro
595 3878 636 3941 de
651 3879 795 3941 subditis
813 3879 854 3940 ad
868 3877 1021 3956 praelatos
1035 3895 1203 3951 reversus
1221 3883 1253 3938 et
1268 3876 1307 3938 de
1320 3876 1450 3953 origine
1466 3894 1520 3936 or-

345 3974 435 4038 dinis
461 3973 720 4038 Praedicatorum
744 3975 870 4056 passim
894 3975 930 4036 in
953 3981 1095 4054 utraque
1119 3974 1229 4053 operis
1256 3979 1350 4051 parte
1374 3972 1515 4035 loeutus.

343 4074 461 4153 Neque
482 4071 517 4134 id
538 4071 590 4134 illi
607 4073 690 4136 vitio
705 4074 900 4137 vertendum
921 4081 985 4146 est,
1004 4072 1093 4152 quod
1109 4071 1276 4134 interdum
1300 4089 1319 4132 a
1340 4071 1395 4133 via
1416 4070 1518 4133 decli-

345 4177 412 4244 net,
436 4188 476 4233 ea
498 4189 572 4250 quae
593 4170 659 4233 sihi
680 4171 716 4231 in
740 4181 886 4234 mentem
905 4170 1057 4245 veniunt,
1082 4168 1161 4232 licet
1186 4187 1205 4232 a
1228 4169 1397 4248 proposito
1419 4187 1518 4247 argu·

344 4275 457 4330 mento
472 4267 601 4344 aliena,
621 4276 830 4331 narraturus.

385 4364 530 4446 Stylum,
546 4383 605 4446 pro
618 4374 766 4447 tempore
783 4384 850 4429 non
868 4365 1097 4443 invenustum,
1117 4384 1159 4429 ne
1174 4364 1349 4428 laudemus
1364 4365 1399 4427 id
1413 4382 1518 4428 unum

377 4615 399 4666 t.
414 4615 449 4678 lt,
465 4627 546 4679 xm,
564 4615 589 4666 u
608 4629 614 4665 :
631 4631 645 4664 α
661 4616 731 4665 adeo
746 4615 910 4678 desperatus
926 4620 976 4669 est.
993 4633 1006 4664 s
1038 4581 1047 4596 ·

375 4693 398 4746 2.
416 4693 451 4753 ΙΙ,
467 4705 547 4756 xxix,
559 4694 589 4744 ta
604 4709 610 4745 :
629 4694 710 4755 Quod
726 4693 838 4758 quidem
851 4695 949 4758 gallico
964 4694 1131 4766 quisdicat:
1145 4711 1160 4746 s
1173 4695 1259 4746 Come
1271 4696 1306 4746 cil
1322 4695 1369 4762 qui
1381 4695 1473 4746 turem
1483 4709 1518 4749 eu

345 4775 372 4836 la
386 4775 459 4834 vitta,
476 4790 490 4828 »a
