3644 5450
630 821 817 914 rnoun
847 822 1278 916 ornrrrnlrnnsrs
1361 769 1369 785 ”’
1481 923 1488 940 ,

363 1089 610 1202 conon
654 1090 1112 1204 unrvnnsnnn
1159 1093 1248 1203 on
1289 1094 1543 1206 trinos

814 1387 879 1433 0111ss
900 1386 1097 1428 tttussnnunts

435 1590 616 1664 sAEoULI
636 1591 796 1666 DECIMI
814 1593 968 1667 TunTss
988 1593 1201 1668 MORIBUS
1220 1591 1475 1668 CONFERAT

945 2316 961 2390 1

587 2585 639 2642 DE
666 2584 759 2641 VITA
786 2584 939 2642 THOMAE
966 2582 1314 2642 ΟΑΝΤΙΡΒΑΤΕΝΒΙΒ.

401 2859 546 2922 Thomas
563 2859 832 2938 Cantiprotonsis
847 2859 926 2922 licet
940 2860 1029 2922 inter
1043 2861 1222 2939 scriptores
1238 2860 1458 2922 historiarum
1473 2878 1540 2922 non

363 2956 408 3020 sit
422 2955 646 3036 reponendus,
660 2955 758 3036 plura
773 2964 885 3019 tamen
902 2957 939 3018 in
955 2957 1027 3037 ejus
1045 2956 1213 3036 operibus,
1229 2964 1261 3020 et
1278 2956 1314 3017 in
1329 2956 1392 3019 hoc
1404 2974 1540 3035 praeser·

363 3054 444 3128 tim,
468 3053 523 3116 cui
544 3054 735 3127 studemus,
756 3054 843 3117 libro
863 3054 1060 3132 reperienda
1081 3059 1177 3127 sunt,
1200 3053 1323 3133 quibus
1347 3061 1415 3115 tam
1432 3073 1487 3118 res
1503 3072 1542 3116 eo

363 3152 497 3215 vivente
512 3157 613 3230 gestas
628 3169 729 3231 qoam
744 3151 852 3214 aetatis
870 3149 965 3214 illius
982 3169 1092 3214 mores
1112 3147 1337 3213 illustrentur.
1354 3152 1394 3212 nt
1410 3169 1449 3213 ea
1464 3151 1541 3231 qui-

364 3248 439 3312 dem
449 3247 507 3311 ille
522 3255 634 3310 mente
647 3247 794 3326 scripsit,
807 3254 844 3310 ut
856 3247 1012 3327 aequales,
1025 3257 1057 3310 et
1067 3247 1280 3326 potissimum
1293 3247 1486 3322 monachos,
1501 3247 1544 3310 ad

364 3345 449 3408 bene
472 3344 654 3407 vivendum
674 3343 850 3419 incitaret,
874 3344 1015 3407 minime
1032 3363 1110 3407 vero
1129 3351 1167 3406 ut
1180 3343 1325 3423 posteris
1347 3345 1544 3408 documenta

362 3443 581 3524 relinqueret,
598 3444 687 3507 unde
702 3443 987 3524 locupletarentur
1000 3443 1152 3506 annales.
1164 3441 1270 3507 Nobis
1281 3442 1393 3518 istiuS,
1407 3444 1496 3523 quod
1508 3443 1545 3506 in

365 3541 477 3604 animo
493 3541 630 3616 habuit,
647 3542 810 3622 propositi
825 3561 942 3622 parum
960 3541 1104 3605 curiosis
1125 3539 1226 3604 liceat
1241 3540 1367 3604 librum
1388 3560 1454 3604 non
1469 3540 1547 3605 ille-

363 3639 441 3722 pide
456 3640 629 3722 scriptum,
650 3640 709 3704 sed
724 3640 801 3703 rudi
820 3644 890 3703 arte
908 3640 1077 3720 digestum
1091 3646 1360 3720 praeposteroque
1374 3639 1546 3703 hirsutum

364 3737 462 3802 titulo
477 3737 641 3812 evolvere,
658 3737 694 3798 in
711 3757 777 3818 quo
792 3737 898 3800 multa
910 3738 951 3800 de
966 3736 1142 3800 ordinibus
1157 3737 1339 3817 religiosis,
1356 3744 1389 3801 et
1403 3737 1547 3801 maxime

364 3838 404 3902 de
419 3837 581 3902 iratribus
599 3837 880 3901 praedicatoribus
895 3836 1121 3911 inveniemus,
1138 3835 1179 3900 de
1195 3836 1357 3910 moribus,
1375 3837 1492 3918 quales
1508 3856 1547 3901 eo

364 3942 512 4016 tempore
531 3942 599 3998 tam
618 3935 705 4015 apud
720 3935 897 4000 saeculares
918 3935 1057 4000 clericos
1080 3954 1181 4017 quam
1198 3923 1291 3999 inter
1308 3935 1412 3999 laicos
1430 3935 1548 4016 vigue-

364 4032 451 4108 rint,
487 4033 669 4115 complura.
700 4033 832 4097 Adsunt
859 4052 973 4114 reges,
1004 4033 1202 4113 optimates,
1231 4032 1392 4096 mulieres
1420 4033 1548 4096 illustri

364 4130 547 4194 obscurove
564 4129 637 4194 loco
653 4139 749 4206 natae,
769 4131 893 4194 summi
908 4132 1011 4195 etiarn
1022 4131 1208 4211 pontifices,
1227 4149 1303 4193 cum
1317 4129 1547 4194 cardinalibus

364 4234 397 4290 et
410 4227 569 4307 praelatis,
588 4247 629 4292 ne
647 4229 686 4291 de
705 4229 836 4309 reliquo
852 4229 940 4292 clero
954 4229 1082 4308 loquar,
1103 4246 1187 4308 quos
1202 4246 1319 4291 omnes
1333 4228 1491 4302 Thomas,
1510 4235 1548 4291 ut

365 4325 485 4389 ceteris
512 4326 675 4390 virtutum
697 4326 924 4408 vitiorumque
945 4327 1091 4408 praebeat
1113 4325 1279 4406 exempla,
1306 4326 1415 4390 obiter
1433 4326 1548 4390 laudat

364 4424 418 4502 vel
432 4424 646 4488 contumeliis
668 4426 788 4501 allicit,
805 4446 895 4490 nunc
918 4427 959 4490 ad
974 4425 1092 4490 caelum
1113 4424 1259 4500 extollit,
1277 4444 1367 4489 nunc
1384 4425 1548 4505 demergit

364 4522 400 4584 in
418 4523 602 4599 infernum,
621 4541 659 4586 eo
676 4524 776 4588 etiam
790 4532 938 4606 tempore
953 4524 1024 4588 veri
1040 4543 1169 4598 amanS,
1188 4543 1266 4605 quo,
1283 4525 1483 4603 urgentibus
1498 4525 1548 4586 in-

364 4620 463 4684 vidiae
492 4621 657 4696 stimulis,
684 4622 860 4686 veritatem
885 4623 1122 4706 justitiamque
1147 4622 1277 4686 inscius
1302 4622 1452 4686 offendit.
1482 4623 1549 4686 Sed

363 4724 544 4798 antequam
574 4721 695 4780 bonurn
725 4722 902 4782 universate
926 4722 961 4782 dc
988 4721 1099 4798 opibus
1131 4719 1268 4800 propius
1300 4717 1546 4799 inspiciamus,

1353 4819 1367 4878 1
