3644 5450
765 592 769 606 '
831 584 992 644 -52-

327 718 538 796 depingeret,
559 716 670 794 potius
686 731 763 776 roro
779 731 912 787 eorum,
934 731 1007 793 qnae
1021 721 1202 793 utcumque
1217 715 1354 777 vitanda
1368 718 1478 778 forent
1490 761 1512 791 ,-

326 815 460 876 allerret
482 811 643 891 exempla.
668 811 763 887 Quod
786 810 852 872 nisi
878 819 1007 888 agatur,
1027 819 1257 874 antecessores
1278 820 1409 876 nostros
1428 832 1500 875 cre-

326 912 443 974 damus
468 928 506 973 ec
532 918 680 989 tempore
706 909 850 988 quadam
875 909 1032 971 vitiorum
1053 909 1202 972 surditate
1221 911 1364 974 infectos
1379 912 1498 975 luisse.

325 1009 483 1088 Legentis
506 1009 621 1088 itaque
642 1007 812 1069 memoriae
829 1015 981 1068 occurrat
1003 1007 1141 1070 fratrem
1162 1008 1324 1070 Thomam
1344 1029 1499 1089 asperum

325 1108 505 1188 aequalium
525 1124 662 1169 suorum
680 1106 786 1168 fuisse
810 1105 1063 1182 castigatorem,
1090 1124 1233 1184 raroque
1255 1105 1401 1187 aliquem
1423 1127 1501 1186 pro-

324 1206 473 1267 bandum
484 1205 630 1276 duxisse,
645 1203 703 1282 qui
719 1220 781 1264 nec
795 1220 911 1264 unuse
925 1202 1087 1264 lratrihus
1102 1204 1372 1267 mendicantibus
1385 1205 1498 1278 fuerit,
1532 1239 1533 1242 =

326 1319 388 1362 nec
406 1300 475 1361 illis
496 1306 608 1377 aperte
625 1298 755 1359 laverit.
776 1299 873 1375 Apud
896 1286 979 1358 alios
999 1315 1077 1374 ergo
1097 1298 1259 1359 laicorum
1278 1299 1394 1360 laudes
1409 1317 1500 1378 quae-

326 1406 457 1470 rantur,
475 1413 537 1458 nec
552 1413 612 1458 nos
627 1395 662 1454 id
683 1401 806 1455 terreat
828 1393 916 1472 quod
937 1393 996 1456 illa
1016 1401 1112 1456 aetate
1131 1396 1293 1475 quasdam
1316 1396 1465 1473 virgines
1481 1415 1500 1458 a

324 1494 468 1572 propriis
485 1493 637 1571 patribus
653 1507 829 1569 oppressas
843 1493 864 1563 ¹,
882 1490 934 1551 vel
955 1491 1170 1570 presbyteros
1185 1492 1221 1551 in
1236 1499 1367 1570 turpem
1382 1493 1501 1553 incon-

325 1590 502 1652 tinentiam
524 1604 766 1667 nonnunquam
788 1585 898 1665 lapsos
921 1604 994 1649 esse
1018 1586 1205 1650 retule1·it².
1231 1591 1351 1652 Nonne
1376 1589 1500 1669 etipse

325 1688 503 1766 probaram
522 1685 726 1748 feminarum
744 1685 877 1763 egregie
892 1687 980 1746 lacta
993 1685 1146 1761 tradidit,
1165 1687 1320 1769 equibus
1337 1687 1425 1750 inter
1446 1706 1500 1751 ce-

325 1795 413 1847 teras
430 1781 681 1846 adulescentula
695 1782 755 1844 illa
769 1783 845 1856 suit,
862 1801 936 1863 quaa
948 1782 1067 1846 militis
1082 1785 1190 1863 ipsam
1203 1785 1387 1848 osculantis
1403 1794 1501 1867 caput

324 1882 466 1963 pistilIO,
484 1900 550 1962 quo
565 1880 693 1943 lercula
707 1881 860 1960 parabat,
879 1881 1044 1960 percussit
1056 1882 1090 1941 ³?
1109 1884 1240 1945 Adsunt
1262 1892 1294 1946 et
1316 1902 1434 1948 uxores
1447 1885 1501 1946 in-

326 2001 488 2046 concussa
506 1983 541 2042 in
564 1981 653 2043 viros
673 1980 737 2043 fide
755 1981 942 2060 conspicuae
959 1984 980 2056 ⁴,
998 1990 1031 2045 et
1045 1983 1237 2062 optimates,
1261 2002 1356 2062 reges
1381 1984 1498 2059 otiam,

325 2083 504 2164 dequibus
522 2082 666 2143 Thomas
687 2099 725 2142 ea
745 2081 909 2154 narravit,
927 2083 1014 2144 unde
1037 2083 1157 2164 conjici
1177 2083 1283 2162 possit
1301 2083 1500 2163 probitatem

325 2180 619 2258 innocentiamque
643 2179 732 2240 inter
751 2178 962 2242 Christianos
977 2181 1013 2241 in
1030 2181 1156 2255 eodem,
1173 2181 1209 2242 in
1225 2200 1290 2261 quo
1312 2199 1416 2255 nunc,
1439 2181 1501 2244 ho-

326 2297 407 2340 nore
425 2277 543 2340 luisse.
569 2278 640 2338 Hoc
662 2275 764 2350 dicto,
786 2276 995 2339 indefessum
1018 2276 1177 2339 vitiorum
1192 2278 1428 2340 insectatorem
1448 2296 1501 2340 se-

324 2393 482 2454 quamur,
500 2374 540 2436 ab
565 2373 608 2435 iis
625 2391 698 2452 quae
712 2372 864 2452 depinxit
886 2373 1000 2436 oculos
1022 2391 1281 2454 nonnunquam,
1299 2393 1341 2437 ne
1362 2375 1398 2436 in
1413 2375 1501 2437 t'oeda

326 2472 427 2534 nimis
443 2478 475 2534 et
491 2470 602 2549 turpia
617 2469 778 2541 incidant,
796 2471 957 2532 aversuri.

365 2567 614 2646 Impudioitiam
643 2573 711 2627 tam
742 2568 777 2627 in
803 2566 935 2629 clericis
963 2575 996 2630 et
1018 2567 1187 2646 religiosis
1213 2586 1313 2647 quam
1341 2570 1378 2629 in
1404 2568 1500 2631 laicis

325 2666 406 2727 adeo
428 2665 573 2725 invisam
596 2663 696 2724 hahet
722 2663 882 2736 Thomas,
909 2673 945 2726 ut
969 2665 1057 2727 hanc
1087 2666 1178 2726 omni
1206 2683 1305 2743 opera
1331 2665 1500 2726 vitandam

324 2762 534 2840 profiteatur,
552 2761 653 2822 etiam
673 2761 811 2823 senihus
828 2761 868 2822 ab
885 2780 924 2824 ea
939 2762 1124 2824 cavendum
1140 2762 1333 2824 arbitratus.
1349 2762 1501 2840 Virgini-

324 2860 398 2934 hus,
414 2877 455 2922 ne
469 2860 682 2932 seducantur,
696 2859 783 2919 nihil
799 2859 879 2936 fuga
893 2859 946 2921 vel
963 2859 1098 2922 silentio
1114 2859 1266 2922 securius
1282 2878 1356 2922 esse
1371 2867 1464 2922 ratus
1477 2864 1499 2934 ⁵,

323 2958 386 3021 hoc
402 2958 545 3020 maxime
562 2958 742 3019 velandum
757 2957 848 3031 dicit,
868 2975 909 3020 ne
925 2958 1001 3037 quis
1021 2957 1162 3020 clericus
1178 2956 1231 3020 vel
1248 2957 1432 3019 monachus
1448 2977 1501 3019 re-

323 3057 462 3135 ligiosas
479 3055 637 3118 mulieres
653 3054 693 3116 ad
710 3063 873 3130 sanctum,
891 3062 927 3115 ut
943 3056 1049 3129 aiunt,
1069 3055 1219 3116 osculum
1238 3063 1392 3134 provocet
1409 3075 1416 3115 :
1433 3080 1447 3111 a
1465 3057 1500 3118 Si

324 3154 401 3234 quis
416 3154 531 3232 igitur,
552 3172 571 3215 o
589 3153 683 3231 virgo
698 3151 836 3225 Christi,
855 3153 952 3232 quasi
968 3153 1010 3214 ad
1027 3161 1181 3215 sanctum
1199 3153 1349 3216 osculum
1367 3160 1397 3216 to
1412 3153 1502 3215 invi-

324 3253 462 3326 taverit,
489 3259 624 3330 sputum
644 3269 703 3330 pro
725 3251 839 3313 osculo
860 3251 994 3325 reddas,
1021 3270 1171 3329 pugnum
1194 3251 1329 3329 ingeras
1351 3259 1502 3313 contrec-

324 3351 446 3413 tantiss.
470 3375 483 3405 a
509 3349 611 3410 Addit
630 3349 791 3429 majorem
811 3347 1006 3411 hominihus
1031 3348 1129 3411 laicis
1153 3350 1189 3409 in
1212 3349 1501 3426 sanctimoniales,

324 3447 529 3528 feminisque
552 3446 588 3506 in
613 3444 734 3508 saeculo
751 3445 945 3508 viventibus
966 3464 1045 3524 erga
1063 3446 1240 3524 religiosos
1262 3447 1502 3525 concupiscen-

326 3547 407 3609 tiam
422 3546 534 3609 inesse
548 3550 569 3619 ²,
587 3562 643 3608 eos
664 3562 778 3623 porro,
796 3544 855 3624 qui
876 3543 980 3607 semel
1002 3545 1162 3608 suadente
1186 3545 1325 3608 lascivia
1345 3565 1504 3625 peccave-

325 3645 409 3720 rint,
427 3644 500 3725 ipso
521 3651 621 3717 teste,
641 3643 743 3705 etiam
762 3643 798 3704 in
813 3643 930 3705 ordine
947 3643 1222 3720 Praedicatorum,
1239 3646 1390 3707 omnium
1406 3663 1503 3709 sanc-

325 3744 467 3818 tissime,
486 3741 751 3821 irreparabiliter
768 3741 970 3804 corruissel.

365 3842 415 3904 Ne
432 3839 508 3919 quis
526 3846 656 3912 autem,
673 3836 815 3918 periculi
831 3838 978 3912 nescius,
997 3839 1109 3917 pravis
1128 3841 1344 3919 semetipsum
1360 3860 1502 3904 consue-

325 3938 499 4000 tudinibus
516 3936 638 4010 tradat,
657 3954 714 3999 sex
728 3936 801 4036 vias
819 3955 836 4000 e
852 3954 992 3999 numero
1007 3946 1116 4012 notat,
1134 3957 1217 4018 quas
1235 3939 1294 4019 qui
1316 3949 1503 4021 sequuntur

358 4187 379 4238 t.
395 4188 431 4251 11,
447 4186 586 4249 xxix,tl;
603 4186 686 4246 n1,'t.

355 4267 378 4317 2.
395 4267 430 4329 11,
444 4278 517 4326 xxx,
533 4265 573 4325 20,
590 4265 629 4315 tr.

358 4345 380 4396 3.
397 4345 432 4405 ΙΙ,
449 4357 517 4408 ΙΙΙ,
533 4344 570 4396 52.

337 4444 340 4465 ε
356 4425 380 4476 Ι.
396 4425 431 4482 11,
444 4436 512 4482 xxx,
529 4425 574 4486 37,
590 4435 670 4485 xcix,
686 4424 709 4474 5.

357 4508 380 4559 5.
396 4506 431 4568 11,
447 4517 516 4566 xxx,
532 4503 572 4556 tr.

357 4587 381 4638 6.
398 4585 432 4649 ΙΙ,
448 4596 516 4647 xxx,
532 4585 570 4636 tu.

356 4668 380 4718 7.
396 4667 431 4725 ΙΙ,
448 4679 516 4724 xxx,
534 4665 573 4716 tl.

357 4749 380 4798 8.
397 4747 432 4804 ΙΙ,
448 4757 516 4808 ΙΙΙ,
533 4744 571 4796 l8.
