3644 5450
574 1259 725 1316 THOMAE
753 1259 1086 1318 CANTlPRATENSlS
1114 1261 1294 1320 INDOLES.

390 1541 505 1604 Fidem
518 1559 602 1615 eam,
616 1559 689 1620 quae
701 1540 830 1604 veracis
844 1539 909 1602 viri
924 1539 1022 1602 dietis
1036 1539 1187 1604 addenda
1199 1548 1260 1616 est,
1273 1544 1439 1622 patefacta
1453 1545 1527 1626 ejus

350 1638 462 1700 indole
491 1638 660 1700 attenuari
686 1655 929 1718 nonnunquam
953 1637 1089 1712 accidit3
1118 1637 1207 1717 quod
1231 1657 1312 1702 sane
1336 1641 1377 1703 de
1400 1640 1528 1703 Thema

349 1735 599 1814 Cantipratensi
622 1735 765 1815 quodam
789 1735 885 1796 modo
903 1733 1093 1796 dicendum.
1111 1735 1204 1797 Licet
1226 1736 1317 1798 enim
1338 1737 1374 1798 in
1393 1755 1431 1800 eo
1455 1737 1527 1801 loeo

350 1836 452 1898 luerit
469 1835 615 1915 positus,
632 1835 720 1897 unde
736 1833 841 1895 multa
855 1833 1001 1913 potuerit
1017 1833 1133 1895 audire
1154 1841 1185 1896 et
1205 1834 1334 1910 videre,
1352 1854 1458 1918 eaque
1473 1838 1527 1899 111-

351 1941 497 1996 structus
517 1933 684 2007 doctrina,
708 1953 774 2012 qua
794 1931 893 2011 pauci
917 1931 1007 1993 inter
1027 1932 1099 2012 ejus
1115 1938 1299 1996 coaetaneos
1314 1944 1527 2011 ornarentur,

351 2029 497 2092 naturali
517 2038 629 2111 tamen
652 2028 817 2092 instinctu
838 2035 870 2090 et
889 2027 992 2107 ipsis,
1010 2028 1133 2107 quibus
1154 2029 1301 2108 insignis
1322 2031 1404 2105 fuit,
1422 2032 1530 2095 virtu-

352 2127 442 2189 tibus
469 2128 511 2188 ad
536 2126 670 2188 laudem
694 2125 746 2188 vel
771 2125 1047 2188 obtrectationem
1071 2125 1251 2205 aequalium
1278 2146 1415 2190 satorum
1442 2129 1531 2192 ultra

352 2224 486 2287 modum
501 2243 647 2303 persaepe
661 2222 827 2302 impulsus
843 2231 902 2285 est.
924 2224 1012 2284 Nam
1027 2229 1152 2302 quanto
1168 2224 1424 2289 eminentiorem
1441 2226 1531 2289 inter

352 2323 436 2402 pios,
449 2329 569 2395 castos,
582 2321 789 2401 propriaque
803 2319 960 2382 utilitatis
972 2339 1090 2399 parum
1104 2339 1268 2384 memores
1279 2321 1389 2385 locum
1398 2323 1529 2399 habuit,

355 2428 444 2484 tanto
464 2420 499 2482 in
521 2439 577 2482 eos
597 2420 747 2499 asperior
769 2419 850 2491 luit,
869 2437 952 2498 qnos
973 2418 1111 2498 impios,
1130 2418 1329 2483 libidinosos
1351 2439 1531 2504 rerumque

354 2518 563 2582 terrestrium
579 2517 715 2597 cupidos
738 2535 812 2579 esse
832 2516 983 2579 eredidit.
1002 2516 1170 2580 Suadebat
1185 2525 1217 2580 et
1233 2517 1366 2598 insigne
1382 2520 1533 2582 studium

353 2635 432 2696 erga
449 2617 620 2690 ordinem,
644 2615 686 2677 ad
705 2633 805 2695 quom
826 2632 862 2676 se
879 2613 1113 2688 transtulerat,
1138 2622 1173 2676 ut
1194 2634 1310 2679 omnes
1331 2635 1387 2680 eos
1409 2618 1531 2680 aeriter

352 2715 583 2794 impugnaret,
601 2714 660 2794 qui
676 2711 953 2776 Praedieatoribus
976 2730 1043 2773 non
1058 2713 1210 2774 laverent
1226 2733 1232 2788 ;
1251 2722 1322 2775 111111
1337 2732 1469 2796 quoqne
1489 2717 1531 2778 ad

353 2811 512 2885 calestia,
530 2811 652 2890 spretis
670 2809 903 2883 terrestribus,
922 2808 1019 2888 quusi
1043 2817 1130 2871 totus
1150 2828 1347 2885 conversuS,
1365 2830 1404 2874 eo
1424 2831 1532 2892 usque

353 2908 516 2988 processit
534 2916 572 2970 ut
592 2907 725 2981 multis,
750 2925 822 2987 quta
842 2926 861 2968 a
882 2925 965 2968 sana
980 2905 1110 2968 ratione
1132 2925 1269 2986 prorsus
1295 2907 1531 2985 abhorrebant,

353 3006 476 3086 puerili
489 3006 633 3088 quadam
647 3004 770 3068 fiducia
788 3006 948 3068 erederet.

394 3108 558 3171 Pietatem
574 3107 645 3188 ejus
664 3124 743 3184 erga
757 3108 865 3168 Deum
882 3112 969 3167 totus
983 3104 1070 3168 liber
1084 3105 1258 3185 ingentem
1271 3107 1379 3171 luisse
1397 3108 1531 3171 demon-

355 3212 453 3281 strat3
471 3223 533 3268 nee
548 3205 677 3268 minore
691 3205 727 3264 in
744 3204 876 3266 beatam
891 3203 1068 3281 Virginem
1083 3205 1227 3266 Mariam
1241 3206 1373 3268 fervore
1389 3207 1531 3282 exarsit,

354 3323 466 3384 quam,
483 3309 557 3383 post
571 3301 694 3364 multas
705 3301 845 3381 paginas
856 3300 896 3363 de
909 3299 1003 3362 illius
1018 3300 1104 3363 mire
1120 3302 1224 3380 gestis
1240 3303 1394 3382 scriptas,
1410 3303 1534 3368 adalia

356 3402 575 3476 transiturus,
592 3401 647 3464 his
667 3400 778 3464 verbis
799 3399 982 3480 alloquitur
999 3418 1006 3459 :
1026 3423 1039 3455 «
1060 3399 1126 3462 Sed
1141 3399 1223 3481 quid
1238 3418 1349 3476 eonor,
1366 3401 1535 3466 florentis·

356 3502 442 3566 sima
457 3501 575 3580 Virgo,
593 3499 648 3579 pia
666 3507 773 3562 mater
790 3506 822 3563 et
836 3497 987 3573 domina,
1006 3497 1087 3577 quid
1102 3516 1203 3562 conor
1217 3501 1376 3581 prosequi
1394 3501 1536 3566 virtutes

359 3599 455 3663 tuas?
477 3599 512 3663 Si
534 3605 654 3662 cuneta
678 3596 826 3678 eorporis
847 3595 914 3659 mei
935 3596 1087 3660 membra
1107 3604 1139 3660 et
1158 3615 1274 3662 omnes
1301 3608 1402 3678 guttae
1422 3601 1536 3666 vitalis

358 3697 535 3778 sanguinis
550 3695 617 3760 mei
631 3702 843 3758 verterentur
860 3694 896 3756 111
910 3694 1057 3773 linguas,
1073 3695 1185 3774 potius
1200 3704 1314 3761 tamen
1329 3698 1415 3761 mihi
1426 3697 1538 3764 laudis

358 3803 424 3860 11113
440 3796 542 3859 verba
556 3795 736 3858 deficerent
751 3813 853 3874 quam
867 3793 1018 3873 exempla
1028 3796 1050 3853 ¹.
1070 3818 1084 3850 b

401 3895 600 3958 Sanctorum
611 3899 770 3972 praeterea
781 3891 937 3972 reliquiis
953 3898 1079 3954 tantam
1097 3892 1253 3956 virtutem
1267 3895 1381 3960 inesse
1396 3880 1541 3961 arbitra-

360 3993 469 4067 batur,
487 3999 556 4054 uta
571 3992 756 4054 truncando
772 4009 908 4069 corpore
923 3990 986 4069 pia
999 3990 1141 4068 virginis
1155 3993 1344 4071 Lutgardis,
1359 4015 1460 4076 quam
1473 3996 1540 4058 sihi

361 4091 459 4172 quasi
475 4091 614 4152 alteram
630 4099 770 4152 1113113111
788 4089 895 4151 luisse
911 4089 1009 4164 dieit,
1029 4109 1095 4151 non
1112 4090 1329 4167 abstinuerit,
1347 4093 1490 4156 multum
1505 4095 1541 4158 id

361 4189 428 4252 sibi
443 4189 655 4268 profuturum
666 4187 816 4259 credens,
831 4187 860 4247 si
874 4186 1119 4265 aliquantulam
1134 4186 1227 4248 illius
1242 4196 1370 4266 partem
1385 4210 1488 4268 penes
1504 4211 1541 4256 se

362 4289 561 4346 asservaret.
577 4285 700 4346 Narrat
713 4284 803 4344 onim
819 4301 866 4356 se,
880 4282 1034 4360 pluribus
1051 4283 1150 4344 annis
1166 4291 1346 4364 antequam
1361 4286 1421 4349 illa
1436 4307 1541 4352 more·

362 4388 466 4454 retur,
483 4380 524 4442 ab
540 4379 693 4453 Havvidi,
710 4379 859 4460 Aquiriae
874 4379 1060 4454 abbatissa,
1078 4379 1114 4440 in
1135 4379 1230 4460 cujus
1248 4380 1344 4444 domo
1360 4384 1539 4464 liutgardis

363 4477 631 4541 sanctimonialis
648 4484 730 4551 erat,
742 4477 902 4557 petivisse
918 4485 950 4541 et
964 4477 1153 4542 obtinuisse
1167 4486 1215 4553 ut,
1232 4480 1391 4544 deluneta
1403 4481 1461 4562 pia
1475 4483 1541 4546 vir·

364 4577 453 4657 gine,
466 4596 585 4640 manus
601 4577 673 4658 ejus
689 4576 755 4640 sibi
768 4576 995 4642 abscindenda
1009 4586 1249 4642 reservaretur.
1266 4581 1363 4656 Quod
1377 4599 1454 4645 cum
1464 4583 1541 4648 Lut-

399 4791 421 4840 l.
438 4791 473 4850 ll,
488 4802 566 4851 uu,
578 4790 618 4842 34.
