3644 5450
831 591 1014 652 42...

325 725 412 798 tam,
438 719 479 784 ab
501 728 635 786 auctore
655 739 822 804 anonymo
844 722 1046 804 flamingIcis
1063 721 1218 787 versibus
1239 722 1373 798 editam,
1399 741 1500 804 qnam

330 820 471 883 Lovanii
486 821 592 886 iuIsse
612 821 727 883 dicunt
742 824 773 886 J.
790 822 906 898 Quetif
919 830 952 886 et
965 826 997 887 J.
1013 807 1158 898 lichard,
1179 841 1241 885 nec
1254 823 1418 899 vidimus,
1439 841 1501 886 nee

303 923 306 930 ‘
329 918 510 1000 etiamque
527 925 673 999 tempore
689 920 818 998 digesta
833 921 876 983 sit
892 921 988 984 nobis
1005 929 1119 984 notum
1135 931 1184 984 est
1195 925 1217 983 ¹.

325 1090 328 1094 ,
367 1019 416 1080 De
429 1019 511 1079 Rouo
525 1021 700 1079 universali
715 1026 790 1097 post
810 1019 1045 1082 Colvenerium
1060 1019 1183 1098 optime
1197 1020 1430 1082 disseruerunt
1443 1022 1502 1084 Ja-

328 1114 430 1177 cobus
454 1116 570 1190 Quotii
594 1123 626 1177 et
652 1115 797 1178 Iacobus
823 1099 971 1190 Euhan-m
997 1135 1036 1178 ea
1059 1135 1148 1190 vero,
1175 1136 1248 1195 quac
1267 1118 1307 1178 de
1326 1103 1384 1178 ilio
1404 1135 1501 1195 opere

327 1220 443 1290 postea
458 1213 593 1290 scripsit
608 1213 806 1273 Iliuncisrus
822 1215 979 1284 Dauuou,
1001 1214 1093 1290 parvi
1119 1221 1175 1273 aut
1194 1213 1321 1274 nullius
1342 1214 1502 1273 momenti

331 1313 443 1370 sunta
467 1309 589 1371 Nostro
612 1321 757 1386 tempore
781 1309 906 1370 Paulus
926 1309 1050 1370 llirseh
1071 1308 1150 1383 hos,
1174 1309 1297 1388 quibus
1317 1309 1499 1382 studemus,

304 1454 307 1459 .
327 1403 431 1467 libros
447 1405 638 1468 doctissime
654 1405 880 1482 investigans,
896 1406 1165 1468 dissertationem
1182 1406 1372 1483 germanica
1387 1405 1503 1482 lingua

329 1501 563 1582 conscriptam,
579 1519 780 1582 magnopere
795 1500 1008 1578 laudandam,
1024 1502 1061 1564 in
1075 1500 1185 1565 lucem
1200 1501 1304 1564 edidit
1313 1493 1336 1564 ⁸.

886 1841 941 1916 Vl

331 2112 425 2180 QUID
460 2113 534 2169 SIBI
568 2113 725 2170 FRATER
759 2114 941 2186 THOMAS,
978 2114 1128 2170 LIBRUM
1145 2083 1147 2087 Ι
1165 2112 1500 2186 CONSCRIPTURUS,

416 2239 710 2313 PROPOSUERII',
742 2240 876 2304 Quave
903 2239 1001 2295 OPUS
1030 2240 1134 2294 ARTE
1161 2239 1417 2306 Pnnrucnnlr,

373 2514 548 2578 Scribendi
564 2532 700 2578 causam
719 2516 857 2578 ineunte
879 2516 965 2577 libro
984 2515 1127 2578 Thomas
1147 2513 1414 2592 Cantipratcnsis
1433 2531 1506 2575 eam

332 2611 398 2674 sibi
416 2613 522 2674 fuisse
537 2613 656 2686 refert,
672 2621 709 2673 ut
724 2613 914 2690 rogantium
929 2614 1149 2674 familiarium
1164 2612 1329 2674 voluntati
1344 2611 1507 2690 obseque-

332 2716 441 2784 retur,
466 2709 721 2790 praemissaque,
744 2718 781 2772 ut
802 2711 963 2785 diximus,
987 2712 1028 2772 ad
1049 2710 1287 2784 Humbertum,
1308 2709 1507 2787 magletrum

333 2807 608 2882 Praedicatorum,
629 2808 788 2887 epistula,
806 2810 970 2890 quomodo
985 2809 1020 2871 in
1036 2827 1134 2888 opere
1148 2807 1349 2887 processerit
1362 2806 1417 2868 his
1433 2823 1507 2868 ver-

333 2905 386 2968 bis
407 2905 565 2985 exponit:
585 2931 599 2963 o
620 2906 760 2970 Revolvi
781 2914 892 2970 autem
913 2907 1038 2968 librum
1056 2907 1154 2968 illurn
1175 2906 1215 2968 de
1238 2912 1358 2967 natura
1378 2921 1506 2974 rerum,

334 3023 433 3086 quem
449 3005 521 3085 ipse
536 3005 641 3068 multo
655 3005 768 3070 labore
783 3025 842 3085 per
857 3025 962 3069 annos
978 3006 1170 3088 quindecim
1185 3005 1224 3067 de
1241 3003 1384 3092 diversis
1400 3010 1509 3065 aucto·

332 3103 429 3166 ribus
443 3103 625 3166 utilissime
645 3104 834 3184 compilavi.
851 3107 890 3168 In
911 3124 976 3185 quo
995 3104 1178 3184 capitulum
1198 3103 1238 3166 de
1259 3102 1416 3181 apibus...
1433 3117 1508 3162 cum

333 3219 457 3280 magna
471 3202 739 3266 consideratione
755 3203 923 3281 perspexi,
938 3204 1033 3282 cujus
1050 3202 1137 3264 serie
1152 3201 1261 3261 omnis
1277 3206 1384 3261 status
1399 3197 1509 3258 honri-

335 3316 427 3371 num,
444 3299 588 3360 maxime
601 3300 636 3358 in
653 3299 798 3377 prurlatis
814 3308 846 3360 ct
861 3299 1017 3372 sultditIs,
1035 3316 1163 3358 uccnon
1181 3295 1423 3374 specialissime
1438 3311 1509 3354 rno-

334 3395 396 3456 dus
417 3394 553 3456 ulvendi
574 3394 805 3457 claustralium
825 3404 954 3474 poterut
975 3394 1222 3472 comprobandi.
1245 3393 1342 3456 Undc
1363 3391 1508 3469 primum

334 3488 459 3549 librum
476 3490 693 3568 depredatis,
711 3493 893 3551 secundum
910 3493 951 3551 do
966 3491 1125 3563 subditis,
1141 3491 1203 3550 sub
1219 3488 1361 3550 divorsis
1378 3496 1410 3547 ct
1428 3486 1509 3546 inti-

335 3583 452 3646 tulatis
468 3585 624 3663 capitulis
640 3588 881 3660 consummavi,
899 3587 1021 3667 quibus
1038 3587 1139 3647 etlam
1154 3585 1310 3663 capitulis
1326 3582 1510 3646 secundum

336 3681 513 3742 materiam
529 3683 680 3762 exempla
699 3691 810 3762 aptata
826 3692 857 3746 et
878 3684 1088 3763 appropriata
1107 3683 1279 3763 conjunxi,
1297 3699 1370 3762 quae
1385 3680 1510 3742 nostris

335 3778 556 3856 temporibus,
574 3781 627 3843 vel
645 3800 746 3860 prope
766 3790 915 3861 tempora
934 3791 1048 3844 nostra
1067 3782 1317 3858 contigerunt...
1337 3778 1510 3841 interdurn

336 3875 437 3938 etiam
453 3883 484 3938 et
500 3877 588 3940 dicta
606 3879 882 3960 pbilosophorum
902 3880 1045 3942 diversis
1065 3879 1147 3941 locis
1169 3877 1309 3940 inserui.
1328 3900 1342 3932 »
1359 3875 1459 3937 Addit
1475 3893 1510 3937 se

336 3991 355 4035 a
370 3974 585 4039 nominandis
600 3976 711 4052 terris,
729 3979 922 4041 civitatibus
936 3979 988 4041 vel
1000 3978 1142 4057 oppidis,
1157 3977 1328 4057 inquibus
1343 3993 1397 4037 res
1411 3980 1511 4052 gestae
1578 4031 1580 4034 .

336 4071 420 4148 Sint,
440 4073 562 4152 saepius
577 4075 799 4152 abstinuisse,
819 4103 833 4134 α
851 4095 889 4139 eo
904 4078 992 4158 quod
1010 4076 1163 4156 personis
1178 4076 1287 4138 adbuc
1302 4072 1509 4147 viventibus

336 4176 368 4234 et
386 4170 477 4233 hunc
492 4173 640 4235 favorem
656 4173 769 4252 gloriae
788 4175 1013 4254 fugientibus,
1029 4174 1266 4239 verecundiam
1280 4173 1391 4236 lacere
1411 4195 1425 4227 ι)
1442 4172 1511 4233 lor-

335 4268 489 4333 midaret.
507 4272 616 4350 Rogat
629 4271 705 4334 insu
710 4291 768 4352 per
783 4281 820 4335 ut
834 4272 927 4350 liber,
935 4281 1072 4337 curante
1088 4273 1248 4352 magistro
1263 4271 1460 4350 corrigatur,
1480 4277 1512 4332 et

370 4522 391 4574 l.
408 4518 451 4572 Ol.
466 4523 626 4582 Scriptores
638 4525 753 4573 ordinis
767 4525 1002 4588 predicatorum,
1018 4530 1037 4576 t.
1053 4523 1075 4586 I,
1090 4539 1116 4589 p.
1133 4521 1179 4574 tn
1194 4538 1219 4572 a.

366 4602 391 4653 2.
407 4604 531 4652 Histoitu
547 4604 684 4654 liittratrc
697 4605 732 4653 de
748 4606 774 4652 le
789 4608 907 4664 Franco,
924 4609 942 4655 t.
960 4605 1033 4668 XIX,
1048 4621 1075 4669 p.
1092 4605 1146 4655 183.

368 4682 391 4732 ³.
410 4681 478 4732 Paul
501 4682 616 4742 Kirscb,
637 4687 690 4732 Dec
716 4686 837 4734 Thomas
858 4699 914 4734 von
936 4686 1120 4748 coanttmprt
1137 4686 1215 4738 Bucb
1233 4687 1284 4733 der
1302 4686 1431 4735 Wunder
1450 4684 1511 4732 und

337 4764 565 4826 deukwrirdiqeu
583 4765 744 4823 vorbilder;
762 4762 897 4830 Gloiwitz,
915 4763 984 4817 1875.
