3644 5450
851 577 993 636 ..4-

335 709 444 772 luisse
457 707 591 780 volunt,
609 705 734 768 scholis
753 705 942 768 celebribus
961 722 1001 767 ea
1018 712 1215 785 tempestate
1238 705 1431 780 florentem3
1455 707 1513 769 sed

337 806 377 868 de
389 806 452 868 hoc
467 806 552 868 forte
568 803 789 865 dubitandum
804 809 872 877 est3
889 803 925 863 in
939 820 978 865 ea
992 821 1111 882 nempe
1126 803 1279 880 regione,
1295 808 1414 882 praeter
1429 803 1513 866 Leo-

338 903 445 977 dium,
459 903 737 966 cameracensem
755 917 886 980 quoque
900 900 1071 962 civitatem
1086 900 1192 962 fuisse
1208 899 1378 975 novimus,
1395 900 1431 961 in
1448 919 1514 981 qua

336 999 527 1063 litterarum
549 998 714 1062 elementa
733 1016 816 1077 puer
840 998 951 1060 doceri
972 997 1096 1077 optime
1120 1003 1265 1077 poterat,
1289 997 1410 1079 cuique
1429 997 1514 1059 vici-

338 1116 420 1161 num
445 1098 510 1159 init
537 1096 793 1176 cantipratense
817 1097 1080 1171 monasterium,
1106 1097 1164 1158 ubi
1190 1095 1334 1160 Thomas
1358 1113 1514 1175 magnam

339 1198 415 1259 vitm
430 1205 558 1276 partem
572 1202 687 1275 postea
702 1195 807 1255 duxit.
823 1197 1008 1256 Remanent
1023 1213 1101 1273 ergo
1120 1214 1174 1257 res
1192 1195 1227 1255 in
1243 1194 1355 1270 dubio,
1373 1203 1405 1257 et
1424 1213 1515 1276 ‹pum-

338 1311 481 1375 cumquc
495 1293 598 1357 luerit
610 1293 669 1354 illa
684 1293 814 1366 civitae,
831 1291 893 1354 hoc
909 1299 1039 1354 tantum
1054 1310 1093 1354 eo
1111 1299 1195 1354 teste
1211 1311 1271 1371 pro
1286 1302 1375 1356 certo
1390 1291 1515 1354 hahea-

338 1409 432 1468 mus,
449 1392 546 1453 illum
563 1391 760 1454 etiamtunc
778 1390 815 1451 in
837 1389 962 1454 scholis
981 1390 1104 1464 luisse,
1121 1408 1197 1452 cum
1211 1390 1373 1454 Jacobum
1387 1390 1515 1456 Vitria-

339 1508 485 1564 oensem,
499 1490 536 1550 in
549 1488 775 1567 Lotharingiae
790 1489 941 1568 partibus
953 1489 1201 1568 praedicantem,
1215 1488 1361 1567 primum
1374 1488 1513 1551 audivit.

339 1589 471 1651 Asserit
495 1595 656 1668 praeterea
680 1604 716 1649 se
743 1603 907 1649 annornm
930 1586 1122 1667 quindecim
1148 1594 1280 1648 aetatem
1304 1604 1342 1648 eo
1369 1594 1515 1666 tempore

340 1686 488 1749 nondum
504 1685 668 1764 attigisse,
682 1685 845 1748 Jacobum
861 1693 972 1746 autem
988 1684 1023 1745 in
1039 1684 1232 1763 episcopum
1246 1684 1394 1746 nondum
1410 1685 1516 1747 inisse

340 1792 529 1862 promotum
541 1786 564 1843 ¹.
581 1782 665 1845 Cum
686 1801 765 1845 vero
784 1781 842 1845 ille
865 1800 952 1844 anno
970 1782 1139 1846 MCCXVI
1158 1783 1193 1842 in
1215 1782 1392 1861 praesulem
1412 1782 1517 1844 Acco-

342 1897 482 1943 nensem
507 1879 633 1942 electus
660 1879 721 1954 sit,
746 1896 785 1941 ex
806 1878 860 1940 his
883 1896 956 1958 quae
981 1895 1082 1957 supra
1105 1879 1250 1942 diximus
1271 1879 1517 1960 conjiciendum

342 1985 393 2041 est
417 1976 589 2051 Thomam,
616 1985 673 2038 aut
697 1975 951 2056 quinquennem
975 1983 1031 2037 aut
1058 1993 1256 2051 sexennem,
1279 1977 1368 2039 circa
1390 1994 1517 2038 annum

344 2075 462 2140 MCCV
484 2076 520 2136 in
543 2073 692 2149 scholas,
718 2074 770 2136 vel
792 2074 970 2148 Leodium,
993 2073 1046 2136 vel
1070 2075 1155 2136 forte
1180 2075 1397 2139 Cameracum
1418 2076 1518 2138 deve·

346 2173 454 2247 nisse,
472 2173 507 2234 in
524 2173 647 2253 quihus
665 2172 743 2233 iude
756 2190 815 2250 per
830 2189 935 2234 annos
950 2172 1105 2233 undecim
1121 2174 1332 2235 remanserit.

383 2271 546 2334 Jacohum
560 2269 820 2342 vitriacensem,
842 2269 953 2329 virum
974 2266 1182 2348 eloquentia,
1206 2271 1367 2344 scientia,
1389 2271 1517 2350 insigni

345 2386 424 2445 erga
439 2368 547 2428 Deum
562 2366 685 2444 pietate
708 2365 942 2443 conspicuum,
962 2383 981 2426 a
1000 2366 1108 2443 prima
1123 2366 1176 2428 die
1195 2375 1287 2429 tanta
1300 2369 1516 2431 veneratione

345 2465 507 2527 dilexerat
521 2463 665 2525 Thomas
681 2462 889 2536 adulescens,
906 2470 943 2523 ut
958 2462 1030 2542 ipse
1043 2463 1188 2526 declaret
1206 2482 1241 2526 se
1254 2464 1306 2526 vel
1320 2465 1433 2527 audito
1446 2466 1519 2546 ejus

344 2563 480 2625 nomine
500 2562 647 2624 lactatum
671 2563 809 2624 fuisset
829 2560 930 2624 Illum
949 2579 987 2623 eo
1007 2562 1130 2623 abhinc
1149 2570 1294 2642 temporo
1315 2562 1520 2625 immutabili

344 2661 539 2723 amicitiant
555 2660 776 2721 admiratione
793 2666 989 2737 prosecutus
1006 2668 1066 2733 ost,
1084 2659 1161 2720 licot
1173 2662 1193 2723 J
1197 2661 1347 2734 acolium,
1364 2661 1398 2721 in
1415 2663 1519 2722 Acco-

345 2775 485 2820 nensem
496 2755 688 2835 episcopum
701 2755 843 2818 eloctum
859 2764 891 2817 ct
904 2763 1019 2834 postea
1032 2758 1190 2818 Romame
1203 2758 1303 2818 carim
1316 2757 1520 2818 cardinalem

344 2853 639 2933 Tusculanumqne
648 2852 840 2931 episcopum
852 2852 988 2926 farctum,
1004 2861 1234 2931 susceptorum
1246 2855 1430 2916 officiorum
1441 2872 1521 2916 cura

343 2950 541 3031 plerumque
559 2967 579 3012 a
593 2949 758 3030 discipulo
773 2949 983 3028 relegaverit.
1001 2951 1110 3031 Hujus
1131 2951 1435 3030 praedicationevel
1450 2969 1520 3014 mo-

346 3049 428 3113 nitis
444 3049 606 3112 adductus
627 3066 701 3113 esse
720 3048 853 3111 videtur
873 3047 1017 3111 Thomas
1039 3057 1075 3111 ut
1097 3049 1262 3129 religiosae
1281 3051 1430 3131 seipsum
1444 3051 1520 3113 vitae

346 3149 482 3212 dicaret.
500 3149 580 3210 llrat
597 3156 676 3211 tunc
694 3147 852 3227 temporis
866 3147 901 3208 in
918 3147 1079 3209 suburbio
1094 3149 1329 3214 cameracensi
1344 3151 1521 3231 Cantipra-

345 3255 440 3310 tense
451 3237 723 3320 monaster·ium³,
741 3247 776 3306 in
790 3264 856 3326 qno
871 3246 1025 3307 canonici
1035 3247 1218 3325 regulares
1231 3249 1415 3311 secundum
1425 3267 1519 3328 regu·

345 3345 412 3407 lam
434 3345 542 3407 sancti
559 3344 743 3422 Augustini
756 3344 926 3417 viventes,
946 3345 1016 3405 Deo
1034 3344 1236 3408 serviebant.
1253 3345 1338 3410 Illuc
1355 3363 1391 3409 se
1409 3354 1522 3409 noster

346 3459 472 3504 annum
488 3441 577 3503 circa
598 3439 768 3505 MCCXVI
787 3441 933 3514 confert,
951 3448 983 3502 et
1004 3439 1045 3500 ab
1062 3439 1125 3503 hac
1147 3443 1272 3521 prima,
1292 3461 1393 3524 quam
1405 3461 1522 3506 mona-

347 3540 431 3603 chus
445 3538 662 3613 inhabitavit,
680 3538 776 3601 domo
791 3538 1060 3616 Cantipratensis
1075 3539 1184 3603 dictus
1200 3548 1251 3604 est
1263 3543 1286 3603 ⁴.

380 3781 401 3830 l.
418 3779 650 3842 Supplementum
670 3778 704 3828 ad
727 3778 812 3828 vitam
833 3780 922 3828 beatae
938 3778 1033 3829 llarioe
1054 3779 1262 3844 Oigniaconsia,
1282 3789 1396 3835 auctore
1415 3785 1521 3837 Thema

346 3859 567 3922 Cantipratensi,
582 3873 642 3921 cop.
660 3857 709 3918 Ill,
725 3857 791 3920 227,
810 3859 969 3907 interiecta
989 3863 1171 3924 Sanctorum,
1190 3866 1265 3913 tomo
1284 3864 1357 3926 junii
1377 3865 1426 3930 lV,
1446 3868 1521 3931 typis

346 3939 520 4000 mandatum,
537 3954 564 4003 p.
580 3939 627 3990 676
641 3941 665 3991 b.

377 4021 401 4074 2.
416 4024 488 4072 lbtd.

378 4101 401 4152 3.
417 4101 529 4152 Nostris
544 4101 626 4151 etiam
640 4100 753 4163 diebus,
769 4100 835 4151 licet
848 4102 923 4151 nulla
943 4103 1063 4153 coenobii
1081 4105 1199 4169 vestigia
1216 4108 1371 4171 supersint,
1391 4108 1522 4160 Camera-

347 4195 445 4233 censes
459 4195 543 4231 unam
558 4194 573 4231 e
589 4182 677 4244 portis
692 4181 814 4232 civitatis
829 4196 888 4232 suae
902 4182 1142 4246 cantipratensem
1157 4186 1250 4237 dicere
1265 4188 1365 4238 solent.

378 4262 401 4313 l.
418 4261 459 4313 De
474 4263 636 4312 monasterii
648 4262 760 4311 nomine
773 4263 859 4311 lratcr
873 4263 992 4313 Thomas
1012 4266 1040 4313 in
1055 4266 1175 4328 quodam
1191 4281 1206 4316 e
1222 4269 1280 4318 suis
1296 4270 1407 4333 scriptis
1425 4271 1466 4322 sic
1478 4272 1521 4322 lo-

347 4343 465 4407 quitur:
487 4362 500 4388 a
520 4342 656 4393 Vocaturn
676 4347 719 4392 est
738 4347 830 4393 autem
849 4357 951 4392 nornen
970 4345 1023 4394 loci
1048 4345 1254 4409 (lantipratum,
1275 4351 1355 4413 quasi
1375 4357 1474 4402 cantus
1493 4353 1523 4402 in

347 4428 437 4488 prato,
448 4437 481 4473 eo
495 4422 569 4486 quod
583 4423 651 4472 inibi
665 4422 804 4486 quondam
815 4425 949 4486 juventus
963 4425 1085 4476 civitatis
1098 4429 1134 4476 ob
1145 4429 1331 4480 amoenitotem
1344 4432 1398 4482 loci
1410 4435 1521 4483 umbro·

347 4517 442 4555 sorum
455 4498 587 4553 'amorum
608 4503 736 4553 cantibus
756 4505 870 4566 spatiari
891 4506 1012 4561 solebat;
1031 4507 1080 4556 sed
1102 4509 1255 4560 mutatione
1279 4511 1395 4563 dextera
1417 4514 1520 4565 excelsi

348 4584 529 4635 contunditur
544 4584 573 4633 in
591 4584 654 4634 loco
674 4583 769 4632 mundi
789 4586 921 4648 superbia
939 4587 967 4635 in
987 4587 1139 4639 abolitione
1157 4592 1361 4657 peccaminum,
1376 4595 1425 4645 ubi
1443 4595 1520 4660 priua

348 4665 419 4715 male
439 4664 503 4716 laeta
525 4663 678 4728 gaudebat,
698 4669 751 4715 etc.
770 4679 783 4710 v
804 4663 847 4716 Ol.
871 4669 1032 4728 Scriptores
1053 4671 1167 4720 ordinis
1188 4673 1426 4737 Proedtcaterum,
1450 4681 1470 4726 t.
1493 4675 1520 4738 l,

348 4759 374 4808 p.
390 4744 437 4796 258
453 4759 479 4795 a.
494 4770 525 4781 -
540 4743 626 4795 Gallis
641 4757 717 4794 nuuc
732 4745 908 4806 canttmpre.
