3644 5450
827 607 987 668 ..28-

325 737 507 813 descendit,
525 746 557 802 et
573 738 763 818 complexus
777 739 924 813 flentem,
941 739 1020 802 ssere
1035 738 1133 817 cmpit
1148 756 1223 800 cum
1236 757 1285 812 oo,
1300 745 1332 802 et
1348 757 1496 820 quaerere

325 837 405 918 quid
420 837 569 900 haberet.
583 839 727 900 Tacente
743 845 852 899 autem
866 855 980 916 puero,
997 837 1119 898 iterum
1130 837 1326 914 ingeminat,
1340 837 1497 916 ingemis-

325 935 381 1010 cit,
392 953 560 1015 quaerens:
573 961 586 992 1
598 937 665 999 Ubi
676 943 726 998 est
736 943 907 998 matertua
916 935 930 995 1
939 936 1111 1017 Numquid
1121 935 1296 1014 perdidisti
1307 937 1494 999 matremia

329 1033 380 1097 Ad
403 1033 683 1113 interrogationes
704 1035 808 1112 igitur
829 1032 923 1096 illins
945 1051 1030 1112 puer
1050 1034 1171 1096 fortius
1195 1033 1340 1114 ejulans,
1365 1035 1498 1098 tandem

327 1133 425 1194 dixit:
436 1134 534 1194 «Heu
544 1132 612 1194 me!
625 1134 700 1196 Heu
712 1131 778 1194 me!
789 1133 898 1208 Quare
910 1150 975 1194 non
986 1131 1231 1212 sseremiquare
1243 1150 1308 1193 non
1318 1131 1499 1213 ejularem?

327 1255 341 1284 r
366 1232 448 1291 Ecce
460 1230 553 1292 vides
564 1231 652 1310 quod
662 1248 774 1308 egens,
785 1229 887 1302 solus,
898 1237 930 1291 et
945 1230 980 1289 in
996 1229 1120 1306 frigore
1135 1229 1244 1303 sedeo,
1257 1236 1290 1290 et
1300 1247 1365 1290 non
1380 1231 1499 1310 estqui

327 1351 341 1382 a
366 1326 1497 1406 colligatme,ethospitiummihipraestot.»Moxmonachussurgens

326 1430 505 1502 etpuerum
515 1423 725 1486 inbracohiis
734 1424 879 1498 elevans,
888 1424 1057 1486 osculatus
1070 1431 1206 1486 osteum
1217 1425 1347 1486 dicens:
1358 1425 1499 1488 «cesses

329 1546 342 1577 1
366 1520 461 1595 flere,
481 1520 715 1597 dilectissime,
737 1523 816 1602 quia
836 1522 877 1585 ad
897 1522 1081 1601 hospitium
1102 1523 1239 1600 portabo
1259 1529 1305 1597 11,
1327 1529 1359 1585 11
1379 1522 1499 1584 faciam

328 1643 342 1675 «
367 1618 522 1680 enutriri.
541 1644 555 1675 r
572 1621 644 1682 Hoc
658 1620 790 1695 dicens,
812 1638 887 1683 cum
906 1637 1009 1700 puero
1033 1639 1156 1700 equum
1176 1621 1355 1684 ascendere
1376 1619 1499 1695 voluit,

329 1716 387 1778 sed
402 1735 495 1795 puer,
511 1717 551 1780 de
566 1716 723 1779 bracchio
737 1719 884 1780 tenentis
900 1718 1070 1792 exsiliens,
1083 1726 1219 1797 repente
1234 1719 1408 1796 disparuit,
1422 1718 1501 1798 quie
1577 1735 1580 1742 ’

327 1813 483 1876 Christus
498 1814 589 1877 filius
601 1815 753 1892 Virginis
766 1815 842 1876 fuit.
860 1817 899 1876 In
917 1823 1038 1877 terram
1053 1815 1157 1892 igitur
1169 1814 1291 1877 cadens
1304 1814 1499 1889 monachus,

328 1912 454 1992 ejulare
471 1920 503 1974 et
517 1912 596 1975 flere
612 1913 710 1992 cmpit
726 1914 902 1987 acerrime;
920 1921 1041 1975 etcum
1057 1913 1114 1974 diu
1128 1913 1177 1976 sic
1188 1913 1317 1994 ejulans
1327 1912 1500 1994 jacuisset,

327 2010 460 2072 tandem
479 2011 639 2090 quaesitus
655 2030 674 2073 a
692 2029 802 2081 servo,
820 2012 977 2074 inventus
992 2019 1053 2084 est,
1071 2018 1102 2072 11
1118 2011 1266 2073 elevatus
1288 2011 1322 2071 in
1344 2027 1443 2090 equo,
1461 2010 1502 2072 ad

327 2106 511 2186 hospitium
527 2103 671 2172 ducitur'.
687 2110 716 2170 A
732 2127 797 2189 quo
812 2127 886 2171 oum
898 2115 1102 2188 quaereretur
1117 2127 1176 2170 cur
1190 2108 1294 2182 111111,
1312 2107 1399 2169 nihil
1412 2107 1503 2168 aliud

328 2222 396 2265 una
412 2213 507 2267 noete
522 2204 632 2267 dicere
647 2205 766 2283 potuit,
782 2222 881 2283 quam
897 2223 904 2264 ε
921 2229 934 2260 «
952 2206 1026 2266 Heu
1038 2203 1107 2266 me!
1125 2223 1206 2282 puer
1221 2205 1317 2277 hone,
1335 2223 1417 2283 puer
1428 2204 1503 2282 pul-

332 2325 345 2356 1
370 2300 546 2375 cherrime,
564 2318 667 2380 quare
681 2319 735 2362 mc
748 2300 981 2380 dereliquisti?
996 2301 1063 2364 Cur
1079 2309 1145 2362 tam
1160 2303 1226 2362 rito
1242 2300 1377 2363 abiisti?
1391 2301 1458 2364 Cur
1472 2308 1505 2363 te

334 2423 347 2454 a
371 2397 527 2476 perdidi?
543 2422 557 2453 n

370 2499 440 2559 Nec
453 2495 567 2558 minus
582 2494 617 2556 in
634 2513 672 2558 eo
685 2495 780 2558 vivax
794 2503 826 2560 et
838 2513 913 2558 acer
929 2495 1096 2558 scribendi
1107 2497 1225 2558 modus
1236 2504 1287 2559 est
1299 2495 1504 2571 laudandum

332 2612 431 2673 quem
447 2594 543 2653 modo
556 2592 654 2654 liccat
670 2593 797 2668 audire,
814 2594 934 2656 militis
949 2594 1042 2654 illius
1053 2612 1218 2654 aerumnas
1231 2601 1432 2666 narrantem,
1448 2593 1507 2672 qui

331 2690 509 2752 commisso
527 2689 708 2762 adulterio,
726 2689 1244 2763 111111111111111111111111111111111,
1266 2690 1300 2749 in
1323 2689 1505 2750 daemonem

331 2796 478 2849 mutatus
495 2795 555 2848 est.
575 2811 588 2841 a
606 2786 710 2866 Cujus
725 2787 846 2849 faciem
865 2806 924 2865 per
945 2788 1127 2849 fenestram
1148 2787 1306 2848 intrantis
1324 2804 1407 2846 uxor
1422 2784 1505 2848 emi-

331 2903 394 2946 nus
410 2883 647 2963 contemplata,
664 2883 784 2946 clamat
803 2883 974 2960 horrifice;
998 2885 1039 2946 ad
1061 2885 1155 2965 cujus
1177 2884 1355 2947 clamorem
1377 2882 1505 2945 ancillae

330 2984 447 3045 domus
464 2990 495 3046 et
507 2981 626 3044 famuli
641 2989 889 3059 concurrentes
901 3001 976 3047 mox
987 2983 1028 3046 ad
1040 2983 1225 3045 contuitum
1239 2982 1365 3044 domini
1381 2981 1506 3061 pariter

331 3082 634 3157 conclamaverunt,
647 3082 742 3163 quasi
760 3101 779 3145 1
791 3091 969 3163 conspectu
985 3084 1143 3147 dramonis
1156 3081 1506 3163 p01·m1·tmi.Qnodut

331 3182 428 3244 miles
445 3182 548 3256 vidit,
567 3181 803 3246 animadvertit
825 3183 945 3244 taciem
968 3201 1062 3245 suam
1079 3201 1097 3244 a
1119 3184 1225 3244 torma
1242 3182 1376 3261 propria
1395 3198 1506 3242 reces-

245 3293 247 3300 '
332 3281 429 3354 sisse,
448 3287 480 3342 et
495 3280 608 3342 divino
626 3280 754 3360 judicio
770 3281 953 3342 secundum
970 3281 1134 3342 vilitatem
1153 3281 1279 3359 peccati
1300 3278 1508 3340 confusionis

332 3377 554 3456 ignominiam
569 3377 733 3439 induisse.
757 3379 842 3454 Ergo
861 3378 919 3439 ubi
940 3376 1072 3438 delituit
1091 3395 1198 3457 usque
1219 3362 1332 3451 mano,
1355 3383 1508 3455 properat

331 3491 449 3536 versus
468 3473 659 3548 ecclesiam,
676 3482 714 3535 ut
729 3476 903 3536 consessus
920 3473 1099 3548 sacerdoti,
1117 3475 1257 3534 formam
1271 3473 1440 3552 propriam
1455 3490 1508 3534 re·

332 3571 442 3649 cipere
457 3578 653 3632 mereretur.
676 3570 739 3632 Cui
754 3589 830 3630 cum
844 3587 951 3631 1111111
971 3577 1002 3630 11
1022 3569 1165 3648 pecudes
1184 3569 1272 3631 villae
1293 3570 1508 3648 procedentes

333 3669 375 3730 ad
399 3687 523 3747 pascua
546 3668 680 3746 longius
704 3668 894 3741 obviarent,
921 3685 994 3728 mox
1018 3667 1108 3729 diros
1137 3668 1257 3729 dedere
1282 3669 1448 3745 mugitus,
1477 3674 1508 3729 et

333 3767 431 3846 quasi
447 3766 558 3828 subito
573 3765 696 3826 minaci
713 3764 854 3826 fulmine
870 3772 1050 3837 retroactae,
1068 3783 1207 3844 qumque
1222 3783 1354 3844 quoquo
1369 3772 1509 3842 possunt

334 3863 527 3940 diffugiunt.
553 3863 646 3925 Idem
669 3870 819 3940 pastores
841 3869 873 3924 et
897 3862 987 3923 obvii
1011 3862 1136 3941 quique
1160 3862 1322 3923 fecerunt.
1349 3862 1509 3924 Sacerdos

333 3967 445 4024 autem
464 3960 500 4022 in
516 3959 602 4022 ostio
618 3959 766 4023 ecclcsiae
781 3960 821 4021 ad
841 3959 998 4022 dicendas
1013 3958 1114 4022 horas
1135 3959 1304 4033 residens,
1326 3959 1509 4022 1111111111-

332 4059 403 4121 lum
427 4058 522 4134 vidit,
551 4058 698 4137 signavit
722 4076 769 4133 se,
796 4065 828 4122 et
854 4059 985 4120 intrans
1012 4058 1199 4132 ecclesiam,
1227 4059 1348 4120 ostium
1375 4066 1449 4138 post
1472 4076 1508 4121 se

334 4157 466 4220 clausit.
483 4159 577 4219 Tunc
591 4155 700 4231 1111111,
717 4158 897 4218 anteferes
913 4155 1061 4219 11111111
1075 4174 1111 4218 11
1125 4163 1341 4235 prosternens
1356 4177 1362 4218 :
1379 4181 1393 4214 r
1411 4158 1508 4220 Mise-

336 4281 350 4312 1
374 4273 459 4329 1111,
477 4255 598 4335 inquit,
615 4263 710 4333 pater
729 4261 854 4328 sancte,
871 4255 1031 4316 miserere
1047 4254 1236 4316 miserrimo
1251 4254 1415 4332 peccatori
1431 4253 1507 4336 (sio).

336 4379 350 4410 1
374 4354 449 4415 Non
465 4371 540 4415 sum
557 4352 626 4427 ille,
644 4353 702 4433 qui
718 4352 844 4427 videor,
862 4353 921 4415 sed
938 4351 1001 4414 hoc
1015 4353 1099 4414 milri
1114 4353 1259 4431 peccatis
1274 4351 1358 4424 meis
1374 4352 1510 4432 exigen-

337 4477 351 4508 1
376 4452 466 4514 tilius
485 4451 665 4513 accidit1...
685 4475 698 4506 1

369 4658 390 4709 t.
410 4659 444 4722 11,
460 4671 531 4720 xxx,
549 4658 588 4712 td.
