3644 5450
865 673 1025 732 ..10-

362 799 523 864 Thomam
539 819 627 864 anno
642 801 844 867 MCCLXIII
857 809 1027 865 mortuum
1042 819 1116 865 esse
1131 799 1289 876 credidit3
1307 817 1366 862 cur
1379 815 1458 862 vere
1471 798 1534 861 hoc

362 897 535 976 scripserit
550 897 622 978 ipse
636 899 769 962 videtur
783 899 1003 978 ignoravisse.
1019 897 1099 962 vira
1113 897 1149 959 in
1164 897 1267 959 ssnem
1280 903 1438 974 vergente
1451 893 1534 958 Tho·

359 1014 432 1059 mas
451 1015 486 1059 se
504 1021 517 1054 o
536 995 674 1076 langore
689 997 820 1060 diutino
835 997 1005 1060 arthetica
1021 1004 1053 1059 et
1066 996 1219 1075 podagrae
1233 995 1405 1057 detentum
1425 1016 1438 1049 t
1455 1011 1534 1055 con-

361 1096 525 1176 queritur,
539 1097 676 1179 Jamque
691 1095 757 1158 sihi
772 1103 912 1157 mortem
927 1095 1104 1157 imminere
1120 1093 1265 1156 declarat
1277 1095 1299 1153 ¹.
1318 1093 1535 1173 Quocumque

362 1203 473 1258 autem
493 1195 606 1256 animo
622 1194 943 1274 appropinquantem
961 1193 1101 1254 humani
1122 1192 1183 1254 revi
1204 1191 1384 1252 terminum
1400 1208 1535 1269 exspec-

363 1293 484 1354 taverit
504 1293 567 1353 hoc
589 1292 756 1366 scribens,
772 1291 876 1352 unius
896 1291 1044 1369 prolecto
1065 1289 1115 1350 rei
1137 1288 1203 1351 sihi
1224 1287 1379 1349 conscius
1399 1293 1480 1359 erat,
1499 1304 1536 1350 se

365 1406 431 1451 non
449 1406 550 1468 parvo
567 1406 627 1450 nec
642 1388 758 1449 inutili
772 1387 879 1450 labori
895 1387 998 1448 vitam
1014 1385 1234 1466 impendisse,
1249 1383 1307 1464 qui
1322 1399 1389 1444 non
1407 1389 1536 1443 tantum

362 1487 463 1550 verbo
484 1493 516 1548 et
536 1504 650 1566 opere,
668 1486 727 1548 sed
748 1485 882 1566 scriptis
901 1485 1018 1558 etiam,
1035 1483 1181 1546 colendae
1196 1479 1371 1559 religionis
1387 1478 1537 1559 exempla

365 1583 542 1648 coaetaneis
556 1584 767 1666 posterisque
781 1583 997 1664 relinqueret,

932 1938 966 2013 11

637 2229 689 2285 DE
717 2227 850 2285 VARHS
879 2227 1030 2285 THOMAE
1057 2226 1263 2285 OPERIBUS.

405 2525 523 2589 Libros
543 2543 683 2589 numero
696 2525 810 2606 plures
824 2525 968 2590 Thomas
984 2524 1252 2605 cantipratensis
1269 2543 1289 2586 a
1306 2524 1482 2605 juventute
1502 2523 1538 2583 in

365 2631 571 2686 senectutem
585 2641 693 2702 usque
709 2624 918 2702 conscripsit,
935 2641 1019 2702 quos
1037 2623 1171 2701 quidem
1193 2620 1344 2699 singulos
1362 2620 1403 2682 ad
1419 2620 1541 2682 intima

363 2721 567 2799 perscrutari
590 2720 631 2781 ab
653 2719 715 2781 hoc
739 2720 916 2793 nimirum,
936 2719 990 2780 cui
1014 2719 1237 2794 intendimus,
1258 2717 1370 2780 studio
1391 2716 1539 2779 alienum

365 2825 426 2880 est.
443 2816 550 2880 Nobis
568 2824 679 2880 tamen
694 2815 746 2876 illi
760 2835 798 2878 ex
813 2816 930 2878 ordine
945 2816 1061 2895 paucis
1078 2816 1190 2878 verbis
1203 2813 1422 2878 enumerandi
1439 2822 1537 2888 sunt,

366 2932 444 2977 nam
466 2932 505 2976 ex
526 2913 611 2988 illis,
636 2931 709 2994 quae
730 2923 829 2977 antea
853 2915 972 2989 edidit,
993 2913 1091 2995 plura
1110 2921 1188 2976 sunt
1208 2911 1428 2993 excerpenda,
1450 2911 1539 2974 unde

365 3013 516 3092 quaedam
542 3013 577 3073 in
603 3015 724 3074 Bonum
746 3016 923 3075 universate
948 3015 983 3074 de
1007 3015 1116 3092 apibus
1141 3012 1198 3074 lux
1224 3011 1441 3085 diffundatur,
1467 3009 1538 3073 sive

365 3111 562 3174 Sanctorum
588 3111 730 3174 virtutes
756 3111 958 3187 laudaverit,
987 3112 1058 3175 sive
1085 3129 1198 3174 rerum
1224 3117 1362 3183 naturae,
1388 3107 1539 3172 discendi

367 3208 574 3290 docendique
589 3211 715 3289 pariter
729 3210 894 3286 curiosus,
910 3210 1110 3273 revelaverit
1125 3217 1263 3272 secreta.

403 3309 431 3369 Ι.
456 3309 549 3370 Inter
569 3309 698 3382 omnia,
722 3327 795 3388 quae
818 3309 869 3369 illi
892 3309 1076 3370 addicenda
1099 3315 1178 3371 sunt
1202 3326 1316 3386 opera,
1337 3305 1445 3386 primo
1468 3305 1540 3368 loco

365 3404 570 3466 nominanda
591 3411 641 3466 est
663 3405 732 3467 vita
752 3405 841 3467 beati
860 3406 1043 3479 iohannis,
1065 3405 1195 3468 abbatis
1215 3403 1498 3483 Cantipratensis,
1521 3420 1540 3464 a

365 3521 431 3582 quo
455 3519 541 3580 saepe
565 3502 691 3564 dietum
715 3503 904 3566 coenohium
929 3504 1106 3565 fundatum
1131 3511 1192 3566 est.
1217 3504 1313 3564 Hanc
1333 3499 1477 3563 Thomas
1502 3499 1539 3560 in

365 3597 614 3679 Cantipratensi
636 3600 748 3675 domo,
767 3625 781 3656 α
803 3619 968 3664 annorum
986 3601 1042 3663 vix
1061 3600 1182 3679 viginti
1201 3600 1304 3665 trium
1327 3604 1457 3660 atatem
1478 3597 1540 3660 ha-

365 3697 465 3772 hens,
484 3721 498 3752 v
515 3703 553 3759 ut
573 3698 645 3778 ipse
667 3698 759 3774 dicit,
780 3723 795 3756 <r
818 3699 973 3780 imperito
995 3700 1078 3763 satis
1095 3717 1248 3762 sermone
1270 3722 1283 3754 v
1305 3697 1538 3777 descripserat,

366 3813 440 3876 quae
454 3796 540 3858 forte
556 3813 729 3876 nunquam
744 3798 780 3859 in
797 3797 907 3861 lucem
922 3799 1113 3878 prodiisset,
1133 3798 1200 3861 nisi
1215 3797 1407 3871 Anselmus,
1424 3796 1540 3859 Canti-

365 3894 534 3974 pratensis
557 3894 675 3969 abbas,
692 3896 796 3960 misso
815 3897 856 3958 ad
872 3899 1011 3959 fratrem
1025 3897 1187 3960 Thomam
1201 3897 1364 3970 Gerardo,
1380 3912 1540 3975 procura·

365 3997 435 4056 tore
449 3991 566 4056 demus
580 3992 620 4056 de
633 3993 847 4073 Bellinghen,
860 3994 901 4057 ab
916 3994 989 4074 ipso
1003 3994 1127 4057 librum
1143 4003 1222 4058 tunc
1237 3994 1385 4056 nondum
1400 3991 1540 4072 comple-

364 4097 436 4153 tum
462 4090 528 4154 sibi
550 4091 636 4153 tradi
657 4091 871 4173 postulasset.
896 4093 961 4158 Cui
984 4093 1120 4175 quidem
1142 4093 1298 4174 petitioni
1321 4110 1438 4169 senex,
1460 4091 1541 4155 licet

286 4230 289 4235 -
345 4188 564 4266 'agritudine
585 4190 772 4265 conlectus,
791 4190 936 4254 libenter
957 4209 1126 4267 annuens,
1148 4216 1162 4249 α
1185 4192 1373 4268 residuum,
1390 4190 1480 4272 quod
1499 4191 1540 4254 de

365 4295 471 4349 morte
492 4287 582 4350 beati
602 4287 770 4352 Johannis
794 4289 925 4354 abbatis
947 4297 979 4353 et
1002 4290 1191 4355 fundatoris
1215 4291 1354 4369 dignum
1375 4289 1539 4353 relatione

363 4382 527 4458 restabat,
551 4383 606 4445 vix
630 4385 692 4446 sub
713 4386 816 4449 unius
841 4387 909 4451 diei
933 4388 1054 4467 spatio,
1079 4388 1240 4452 accersito
1264 4388 1440 4468 scriptore,
1465 4411 1480 4444 v
1504 4406 1540 4451 se

364 4479 584 4561 complevisse
602 4481 694 4544 dicit.
717 4485 789 4546 Hoc
804 4491 916 4548 autem
930 4492 1005 4566 post
1019 4503 1146 4549 annum
1160 4485 1288 4551 Christi
1303 4485 1452 4550 MCCLX
1468 4486 1540 4549 fac-

364 4587 437 4643 tum
455 4597 495 4643 ex
512 4596 551 4643 eo
568 4588 715 4661 apparet,
733 4581 821 4661 quod
842 4580 944 4646 abbas
967 4581 1041 4660 ille,
1058 4583 1095 4646 in
1116 4582 1211 4665 cujus
1230 4582 1340 4646 locum
1358 4582 1539 4647 Anselmus

398 4818 420 4872 l.
436 4821 595 4881 Scriptores
607 4821 720 4872 ordints
733 4824 966 4885 Praedicator-um,
983 4838 1009 4888 p.
1027 4804 1071 4875 153'
1083 4838 1108 4876 a.
