3644 5450
850 587 1009 646 ..56-

380 714 473 777 Licet
492 721 604 776 autem
622 733 661 776 ea
678 713 777 788 vitia,
801 714 841 776 da
861 714 986 793 quihus
1004 713 1108 776 locuti
1128 732 1260 789 sumus,
1277 716 1428 778 omnium
1445 716 1516 778 fere

340 818 526 891 temporum
535 811 750 892 locorumque
762 811 840 886 sint,
852 827 916 872 non
927 811 1074 874 minores
1086 811 1337 875 tamenThomae
1344 811 1515 891 Cantipra-

302 900 303 904 ’
339 910 428 972 tensi
453 918 563 987 grates
586 909 720 986 agendae
741 917 837 999 sunt,
863 909 921 988 qni
941 909 1065 971 librum
1090 909 1249 988 exemplis
1273 909 1514 985 illustraturus,

340 1007 445 1070 multa
457 1008 498 1070 de
511 1015 753 1070 coaetaneorum
768 1025 905 1070 snorum
918 1007 1068 1071 moribus
1081 1007 1243 1070 retulerit.
1259 1009 1358 1074 Nunc
1373 1008 1414 1070 ad
1423 1007 1516 1073 illus·

340 1107 528 1181 tresviros,
546 1107 605 1186 qui
619 1106 672 1170 vel
694 1113 773 1169 tuno
790 1105 842 1168 vel
859 1106 958 1186 paulo
974 1113 1069 1170 antea
1088 1107 1246 1182 floruere,
1263 1114 1295 1170 et
1311 1108 1352 1170 ad
1367 1108 1516 1188 quaedam

341 1223 379 1268 eo
394 1212 541 1284 tempore
554 1210 648 1282 gesta
662 1205 904 1266 transeundum
920 1213 986 1279 est;
1007 1206 1095 1284 quod
1107 1224 1168 1288 nos
1184 1215 1337 1283 agentes,
1354 1206 1515 1267 nimirum

340 1303 551 1381 experiemur
575 1302 786 1381 scriptorem,
812 1301 847 1364 in
872 1303 1029 1366 omnihus
1050 1304 1106 1366 his
1128 1321 1201 1382 quae
1221 1303 1342 1364 dixerit
1363 1320 1515 1365 veracem

341 1417 421 1462 sane
438 1407 645 1462 narratorem
660 1399 787 1475 tuisse,
805 1396 864 1463 sed
879 1401 995 1481 utique
1015 1409 1047 1464 et
1066 1401 1325 1464 Dominicanum
1340 1408 1373 1464 et
1386 1401 1515 1464 ordinis

341 1497 395 1560 sui
410 1497 581 1561 ardentem
596 1505 876 1578 propugnatorem
893 1499 1110 1578 semetipsum
1125 1498 1323 1578 prodidisse.

891 1831 966 1906 Xll

343 2119 394 2172 DE
422 2116 652 2182 QUIBUSDAM
679 2117 867 2192 REGIBUS,
899 2119 1183 2193 0PT1MATIBUS,
1212 2121 1261 2175 ET
1279 2120 1516 2177 MULiERlBUS

581 2241 747 2299 GENERIS
774 2243 1008 2300 NOBILITATE
1035 2245 1279 2300 PRAECLARIS.

385 2537 670 2617 Qualemcumque
697 2539 736 2602 de
762 2547 850 2602 statu
874 2540 1031 2604 Ecclesiae
1054 2541 1107 2604 vel
1130 2542 1171 2604 de
1194 2542 1431 2620 religiosorum
1451 2544 1520 2607 vita

345 2635 539 2712 opinionem
555 2637 743 2713 conceperit
763 2637 868 2697 frater
882 2637 1041 2711 Thomas,
1060 2638 1121 2699 hoc
1138 2639 1177 2698 do
1194 2639 1291 2701 nohis
1309 2641 1433 2717 optime
1450 2657 1520 2702 mo-

343 2730 412 2790 ruit
434 2731 523 2810 quod
539 2730 637 2808 longe
659 2731 793 2812 lateque
810 2734 1058 2811 peregrinatus,
1083 2753 1136 2796 res
1155 2735 1376 2816 hominesque
1395 2743 1520 2798 attente

343 2827 538 2908 inspexerit,
557 2836 589 2891 et
606 2847 656 2902 ca,
676 2848 750 2908 quae
766 2830 847 2892 hinc
862 2839 894 2892 et
909 2831 987 2894 inde
1003 2832 1210 2908 dicebantur,
1230 2833 1322 2896 fideli
1338 2833 1521 2897 servaverit

343 2926 516 2988 memoria.
532 2927 604 3002 Quo
619 2926 656 2987 fit
669 2934 717 3002 ut,
736 2945 774 2990 eo
788 2927 881 3004 duce,
898 2929 996 2992 multi
1010 2948 1048 2992 ex
1065 2929 1192 2994 inclitis
1205 2931 1299 2994 illins
1314 2931 1421 2994 aetatis
1436 2931 1520 2995 viris

343 3021 396 3084 vel
412 3023 612 3087 mulieribus
628 3023 726 3087 nobis
741 3032 928 3088 occurrant.

384 3121 543 3184 Omnium
558 3122 705 3198 iliorum,
723 3142 806 3204 qrros
825 3124 878 3186 vel
898 3125 970 3205 ipse
991 3126 1075 3188 vidit
1092 3126 1144 3190 vel
1166 3126 1309 3190 aliorum
1324 3128 1519 3191 confabula-

344 3219 435 3282 tione
451 3220 554 3294 novit,
571 3221 701 3300 primus
716 3220 863 3285 hocloco
877 3225 1051 3302 ponendus
1071 3232 1121 3288 cst
1133 3226 1321 3288 Ludovicus
1333 3228 1462 3301 Nonus,
1480 3227 1519 3289 de

344 3318 439 3396 cujus
462 3317 581 3379 habitu
607 3336 731 3380 novum
752 3320 850 3399 quid,
873 3330 905 3382 et
927 3340 946 3382 a
965 3322 1086 3384 ceteris
1108 3323 1327 3401 scriptoribus
1347 3342 1519 3404 nunquam

343 3415 523 3493 proditum,
540 3416 655 3478 refert.
671 3417 729 3478 Ait
745 3418 836 3479 enim
854 3420 1031 3498 quemdam
1047 3438 1231 3492 cursorem,
1249 3421 1290 3481 ah
1305 3421 1447 3494 Othone,
1465 3440 1519 3482 co-

344 3511 424 3574 mite
444 3511 623 3586 Gueldriae,
642 3513 683 3574 ad
700 3522 853 3575 sanctum
868 3534 981 3594 regem
997 3516 1149 3590 missum,
1167 3517 1280 3578 comiti
1297 3537 1454 3596 regemne
1470 3519 1520 3580 vi-

344 3608 448 3670 disset
472 3609 634 3688 quaerenti
653 3612 867 3691 respondissc
891 3633 898 3673 :
926 3613 1034 3678 «Vidi
1052 3613 1149 3674 iilum
1173 3614 1334 3676 miserum
1354 3614 1520 3694 papellar-

345 3729 359 3760 «
384 3704 463 3767 dum
487 3724 610 3786 regem,
636 3709 807 3789 caputium
830 3711 1010 3774 habentem
1030 3702 1148 3789 capitis
1167 3729 1267 3790 super
1291 3712 1461 3791 scapulam
1481 3731 1520 3775 ex

345 3827 359 3859 ιι
384 3802 524 3885 adverso
544 3824 757 3886 suspensum.
777 3833 790 3864 »
809 3811 921 3871 Tantae
937 3816 1048 3871 tamen
1064 3809 1279 3889 impudentiae
1301 3828 1433 3889 poenam
1453 3829 1519 3872 non

343 3899 401 3960 diu
428 3902 588 3979 effugisse
614 3904 739 3966 dicitur
766 3905 907 3968 stolidus
934 3906 998 3968 istc
1024 3908 1139 3985 magni
1162 3909 1252 3984 regis
1279 3908 1418 3982 derisor,
1443 3927 1519 3970 nam

291 4049 294 4055 .
345 4023 358 4054 a
382 3998 453 4061 haee
468 4000 594 4075 dicens,
612 4001 733 4064 faciem
749 4003 909 4065 contorsit
922 4022 961 4065 ex
977 4003 1126 4079 adverso,
1141 4013 1173 4067 et
1189 4005 1238 4067 sic
1252 4005 1357 4067 facies
1370 4012 1519 4068 contorta

345 4121 359 4152 a
383 4098 546 4160 remansit
561 4101 584 4158 ¹.
605 4122 619 4154 a
686 4173 690 4181 ,

383 4195 480 4256 Beati
494 4202 655 4274 praeterea
668 4197 758 4276 regis
772 4199 867 4278 pium
881 4199 1135 4281 modestumque
1150 4201 1186 4262 in
1199 4201 1355 4263 omnihus
1368 4202 1518 4264 animum

343 4291 516 4355 nonnullis
531 4310 652 4372 parum
665 4292 835 4374 placuisse
848 4295 930 4359 dicit
943 4296 1088 4361 Thomas
1105 4297 1383 4378 Cantipratensis,
1401 4317 1519 4380 quem·

375 4510 597 4576 1.11,avn,63.
614 4515 820 4570 HancThomae
838 4520 1026 4572 narrationem
1046 4520 1075 4572 in
1095 4520 1232 4572 Gallicum
1250 4535 1407 4574 sermonem
1426 4526 1517 4574 trans·

342 4593 406 4656 tulit
420 4592 445 4644 J.
462 4593 495 4644 V.
511 4593 550 4644 Le
565 4595 644 4646 Glerc
662 4597 799 4656 (Histoire
812 4601 951 4652 tittdraire
964 4605 998 4653 dc
1014 4605 1041 4652 ia
1055 4607 1177 4666 Franco,
1194 4607 1213 4657 t.
1229 4603 1335 4664 xxm,
1352 4619 1380 4668 p.
1398 4603 1465 4668 mah
1483 4604 1517 4655 do

342 4672 389 4721 illa
404 4672 487 4722 otiam
502 4673 635 4726 disseruit
647 4677 791 4742 Augustus
808 4678 946 4744 Longnon
966 4681 1148 4745 (Documents
1167 4686 1313 4744 parisiens
1329 4698 1381 4735 sur
1400 4687 1517 4734 t'icono-

342 4754 459 4812 praphic
474 4756 508 4802 dc
523 4757 602 4804 saint
617 4759 713 4817 Lauta,
729 4772 756 4820 p.
772 4759 806 4822 6).
