3644 5450
588 1149 639 1204 DE
668 1148 946 1204 SAECULARIBUS
975 1149 1163 1206 CLERlClS.

335 1429 493 1492 Praelatos
512 1428 718 1509 clericosque
736 1427 913 1491 saeculares
928 1428 988 1502 iis,
1010 1428 1134 1509 quihus
1152 1427 1296 1503 solebat,
1313 1427 1471 1492 laudibus

293 1533 473 1589 ornaturus
488 1525 632 1588 Thomas
656 1525 941 1604 Cantipretensis,
961 1526 1108 1588 facetum
1127 1524 1162 1586 id
1179 1525 1250 1588 fore
1272 1525 1421 1600 consuit,
1441 1525 1471 1588 si

295 1624 468 1696 Seianam,
486 1622 622 1702 quidde
641 1621 711 1684 illis
727 1623 851 1684 sentiat
872 1623 1054 1696 (licentem,
1076 1623 1112 1683 in
1129 1623 1278 1686 medium
1294 1625 1471 1702 proferret.
1563 1617 1571 1628 '

292 1720 349 1783 hit
367 1721 458 1783 enim
473 1718 644 1793 clericum,
667 1719 702 1780 iu
721 1719 865 1799 quadam
880 1720 1112 1798 episcoporum
1128 1721 1257 1800 synodo
1274 1721 1473 1799 praedicatu-

292 1836 378 1890 rum,
396 1817 506 1880 dehis
524 1835 597 1897 qma
613 1816 763 1878 dicturus
777 1825 867 1880 esset
879 1816 974 1879 valde
991 1816 1174 1879 sollicitum
1188 1818 1306 1880 fuisse.
1325 1818 1389 1883 Cui
1404 1819 1472 1882 dia-

294 1914 390 1978 holus
408 1935 415 1975 z
432 1940 445 1971 r
464 1915 564 1976 Dicas
580 1915 630 1976 eis
649 1915 749 1987 istud,
768 1922 799 1976 el
815 1933 883 1975 non
899 1915 991 1976 aliud
1008 1933 1014 1974 :
1037 1940 1050 1971 ι(
1064 1915 1238 1994 Principes
1251 1916 1473 1978 infernalium

296 2038 310 2068 α
336 2012 550 2075 tenebrarum
565 2011 734 2090 principes
750 2011 907 2074 Ecclesia
922 2011 1081 2073 salutant.
1094 2012 1176 2074 Laeti
1191 2031 1307 2076 omnes
1323 2031 1384 2076 nos
1402 2032 1473 2092 gra·

297 2135 311 2166 «
336 2110 400 2172 tias
416 2110 544 2172 eisdem
556 2109 747 2181 referimus,
765 2107 846 2186 qum
861 2126 936 2169 cum
947 2107 1030 2186 ipsis
1042 2127 1158 2170 eorum
1173 2109 1270 2172 nobis
1286 2111 1475 2172 afferuntur

298 2233 312 2264 α
336 2207 478 2276 subditi,
496 2214 528 2268 et
547 2224 606 2284 per
629 2223 744 2267 eorum
768 2202 1009 2282 negligentiam
1033 2205 1074 2266 ad
1094 2223 1154 2267 nos
1176 2205 1363 2269 devolvitur
1384 2215 1474 2271 totus

298 2331 312 2362 α
336 2305 461 2384 pariter
474 2304 544 2366 fere
560 2303 706 2365 mundus
722 2305 744 2362 ¹.
764 2327 777 2358 r
796 2304 866 2366 Nec
881 2302 972 2366 solus
990 2302 1054 2366 iste
1069 2303 1163 2366 locus
1179 2311 1240 2378 est,
1259 2304 1296 2365 in
1312 2323 1377 2384 quo
1393 2305 1475 2368 adeo

295 2403 480 2482 benignum
510 2401 577 2466 sihi
606 2421 685 2480 erga
711 2401 888 2464 saeculares
919 2401 981 2464 Dei
1014 2401 1188 2466 ministros
1220 2403 1369 2466 animum
1400 2422 1475 2468 esse

297 2500 544 2574 monstraverit,
565 2518 648 2580 quos
664 2498 824 2572 avaritias,
847 2499 1004 2574 luxuriae,
1022 2499 1187 2578 supcrbiae
1202 2518 1277 2562 reos
1292 2500 1476 2564 immiseri-

297 2617 370 2661 cors
386 2599 560 2678 profltetur
577 2603 601 2657 ².
624 2598 800 2676 «Oquam
820 2596 918 2676 pauci
938 2604 1017 2660 sunt
1037 2615 1076 2660 ex
1091 2596 1157 2670 his,
1177 2597 1322 2676 quinon
1342 2598 1476 2678 proprie

296 2696 368 2760 sola
383 2702 548 2776 quaerunt,
568 2713 641 2775 quas
663 2713 725 2758 sua
740 2701 830 2768 sunt,
857 2702 889 2758 et
912 2694 948 2754 in
966 2693 1117 2757 minimis
1138 2713 1212 2776 quae
1226 2697 1309 2760 Jesu
1327 2694 1473 2760 Christi!

296 2792 436 2855 Mallent
447 2791 557 2871 potius
571 2791 767 2852 commissas
782 2789 848 2852 sihi
863 2790 994 2852 animas
1007 2790 1140 2852 saucias
1155 2810 1214 2870 per
1230 2798 1336 2855 totum
1349 2811 1477 2856 annum

296 2889 332 2952 in
350 2889 548 2952 mortalibus
571 2888 787 2952 dissimulare
809 2888 971 2967 peccatis,
991 2908 1093 2969 quam
1116 2907 1240 2968 equum
1260 2907 1360 2953 suum
1383 2891 1477 2954 clavo

296 2988 391 3069 pedis
417 2987 534 3050 laesum
555 3005 622 3048 uno
644 2986 698 3048 die
723 2986 775 3048 vel
796 2985 926 3048 duobus
951 2985 1121 3064 negligere
1145 2985 1391 3051 claudicantem
1411 2990 1435 3049 ⁸.
1460 3013 1475 3045 »

298 3087 416 3150 Plures
443 3085 534 3150 enim
562 3085 651 3148 inter
676 3083 960 3164 archiepiscopos,
991 3083 1179 3164 episcopos,
1213 3087 1393 3150 canonicos
1426 3087 1479 3149 1111

297 3192 391 3260 sunt,
417 3185 540 3266 quihus
564 3185 708 3247 Thomas
731 3193 806 3263 post
830 3183 917 3245 male
940 3183 1106 3263 acquisita
1129 3183 1231 3265 hujus
1256 3185 1332 3247 vitm
1356 3186 1479 3266 gaudia

297 3283 507 3347 tremendum
528 3283 591 3346 Dei
611 3282 779 3363 judicium
802 3281 1055 3361 infernalesque
1073 3300 1188 3361 peenas
1211 3282 1479 3364 appropinquare

299 3381 462 3444 nuntiat:
488 3380 644 3444 «Veniet
669 3388 758 3443 certe
777 3379 866 3453 dies,
888 3398 965 3441 curn
983 3379 1113 3460 justum
1131 3379 1280 3459 judicem
1305 3379 1479 3444 Christum

300 3496 367 3541 non
387 3485 517 3540 tantum
537 3478 628 3552 laeto,
650 3478 709 3541 sed
728 3477 847 3541 audaci
862 3476 959 3540 vultu
980 3477 1159 3541 adversum
1176 3496 1234 3541 vos
1249 3477 1480 3559 interpellabit

300 3576 450 3640 Ecclesia
465 3579 488 3638 ⁴.
510 3601 524 3632 »

339 3675 502 3762 Homines
520 3674 654 3756 quidem
675 3674 824 3755 potentia
840 3681 872 3738 et
886 3674 1072 3736 honoribus
1094 3673 1248 3754 insignes
1268 3675 1379 3739 studio
1395 3694 1479 3756 quo-

300 3791 365 3856 que
382 3772 577 3836 divitiarum
597 3791 840 3853 nonnunquam
854 3771 983 3836 deditos
1005 3772 1112 3836 luisse
1134 3773 1274 3837 minime
1290 3774 1482 3854 negandum

300 3879 362 3947 est,
381 3889 443 3935 nec
461 3869 560 3934 aliter
573 3871 681 3952 potuit
702 3871 792 3946 lieri,
815 3889 892 3934 cum
909 3871 1038 3950 praelati
1058 3889 1205 3952 persaepe
1224 3872 1353 3936 reditus
1371 3873 1481 3936 abuu-

299 3970 417 4034 dantes
431 3970 656 4051 perciperent,
680 3977 712 4034 et
736 3957 778 4034 ad
796 3971 908 4034 varias
929 3971 1139 4052 voluptatum
1156 3970 1333 4036 illecebras
1353 3972 1477 4036 multo·

300 4088 377 4132 rum
397 4070 557 4150 exemplis
579 4061 850 4134 sollicitarentur.
878 4073 916 4134 ln
935 4089 972 4135 re
992 4079 1105 4134 tamen
1124 4071 1184 4134 illa
1204 4071 1323 4136 modus
1342 4071 1482 4153 quidam

301 4169 486 4234 servandus
508 4177 590 4245 eret,
612 4188 713 4251 quem
735 4168 833 4234 multi
852 4169 1009 4234 videntur
1025 4170 1221 4234 excessisse.
1245 4171 1335 4247 Quos
1356 4178 1481 4246 noster,

338 4427 359 4480 1.
375 4425 401 4490 l,
415 4425 476 4488 xx,
491 4430 515 4480 8.

337 4511 361 4562 2.
378 4509 400 4571 l,
415 4521 463 4571 xx,
480 4510 504 4560 9.

338 4591 361 4643 ³.
378 4591 414 4654 ll,
430 4602 458 4656 x,
475 4591 514 4642 ³0.

339 4671 363 4724 l.
379 4671 401 4737 1,
416 4684 478 4734 vnr,
495 4673 518 4726 3.
