3644 5450
853 527 993 591 -3..

335 661 447 743 plagis
460 661 617 744 plurimis
631 660 834 736 vulneratis,
850 679 904 725 me
918 661 1047 741 utique,
1067 679 1170 744 quare
1189 671 1321 744 patrem
1335 665 1427 728 illius
1447 683 1514 728 non

332 760 499 843 juvarem,
517 758 694 824 sinceriter
710 759 871 838 arguebat
884 761 904 818 ¹.
927 783 940 814 a

383 861 432 922 De
455 865 562 921 matre
585 857 729 921 Thomas
751 875 819 920 non
844 857 913 919 nisi
942 856 1046 920 semel
1070 857 1201 922 locutus
1225 868 1291 935 est,
1315 861 1430 924 dicens
1455 861 1515 924 illa

336 963 495 1021 narrante
510 956 576 1019 sibi
590 975 629 1020 ea
643 974 717 1037 quae
732 974 860 1036 scquuu
867 963 919 1019 tur
934 955 1133 1020 innotuisse.
1156 981 1171 1014 <1
1187 958 1283 1032 Avia,
1301 958 1423 1038 inquit,
1440 977 1515 1022 mea

337 1055 446 1118 tilium
469 1054 731 1134 primogenitum
749 1053 886 1128 habuit,
910 1053 1022 1117 indole
1046 1053 1175 1133 insigni
1197 1063 1229 1118 et
1255 1057 1374 1120 decore
1396 1057 1515 1137 praeci·

335 1171 449 1233 puum,
465 1170 531 1233 quo
545 1159 688 1226 mortuo,
703 1151 993 1214 inconsolabiliter
1007 1151 1124 1224 doluit,
1139 1155 1298 1216 neofortc
1309 1154 1383 1218 sine
1395 1173 1515 1234 praesa-

338 1249 392 1328 gio
409 1249 517 1311 futuri
532 1247 624 1310 mali.
641 1250 728 1312 Nam
743 1255 817 1327 post
832 1247 929 1310 illurn
947 1247 1052 1310 alium
1068 1248 1198 1323 habuit,
1216 1249 1273 1330 qui
1291 1251 1354 1313 etsi
1369 1250 1515 1330 insignis

338 1347 462 1410 militia
478 1346 562 1420 fuit,
580 1355 612 1410 et
628 1364 749 1426 pompa
766 1345 927 1408 vanitatis
943 1345 1086 1421 electus,
1108 1345 1309 1427 dilapidator
1323 1355 1436 1411 tamen
1456 1367 1517 1429 pa-

338 1451 441 1507 ternae
462 1443 661 1506 hereditatis
682 1440 975 1523 prodigalissimus
993 1443 1070 1506 fuit.
1090 1443 1197 1508 Matre
1218 1461 1316 1523 crgo,
1333 1451 1371 1507 ut
1390 1445 1517 1508 dictum

339 1549 403 1616 est,
417 1541 680 1623 primogenitum
694 1540 983 1604 inconsolabiliter
997 1540 1219 1616 lamentante,
1241 1545 1468 1622 apparuerunt
1485 1543 1517 1606 ei

335 1640 478 1721 juvenes
499 1640 536 1702 iu
556 1639 611 1702 via
630 1639 792 1720 quadam,
809 1647 847 1700 ut
867 1639 979 1701 risum
1001 1645 1052 1707 est
1073 1639 1121 1714 ci,
1145 1658 1222 1702 cum
1242 1641 1374 1720 ingenti
1395 1641 1517 1720 gaudio

340 1737 543 1816 gradientes.
571 1737 741 1817 Cumque,
767 1755 894 1799 memor
918 1736 999 1811 filii,
1026 1755 1103 1800 eum
1127 1737 1216 1801 inter
1244 1737 1320 1802 illos
1347 1757 1414 1801 non
1443 1757 1518 1804 csse

339 1834 484 1910 videret,
502 1842 535 1898 et
551 1835 662 1910 ileret,
678 1852 754 1898 ecce
770 1841 844 1914 post
860 1834 944 1897 alios
958 1834 1067 1896 lilium
1083 1834 1175 1898 lento
1190 1836 1295 1914 gradu
1308 1836 1518 1918 subsequen-

340 1939 407 1998 tem
422 1933 573 2014 agnovit;
590 1933 646 1996 cui
660 1941 767 1996 mater
780 1951 855 1996 cum
868 1933 962 2012 gravi
978 1933 1123 1998 clamore
1135 1934 1218 1995 dixit
1237 1954 1244 1994 ε
1264 1959 1278 1992 a
1296 1936 1336 1997 Et
1349 1935 1431 2015 quid
1445 1943 1515 2010 est,

342 2057 356 2092 α
380 2033 447 2108 iili,
465 2032 554 2114 quod
568 2031 676 2106 solus,
695 2040 727 2095 ct
742 2049 808 2095 non
828 2049 905 2095 cum
919 2030 1013 2106 aliis,
1030 2031 1181 2110 graderis
1194 2033 1407 2095 retardatus?
1423 2057 1437 2089 u
1455 2032 1518 2097 Cui

340 2129 414 2206 ille,
434 2130 470 2193 in
486 2137 563 2210 toga
577 2129 710 2193 laterali
725 2147 885 2208 magnum
900 2147 994 2209 aquae
1012 2130 1142 2210 pondus
1158 2129 1338 2193 ostendens
1356 2150 1363 2192 :
1382 2155 1396 2187 u
1416 2132 1517 2204 Ecce,

343 2252 358 2288 α
380 2229 509 2310 inquit,
526 2235 650 2303 mater,
667 2227 831 2304 lacrimae,
848 2245 932 2307 quas
946 2245 1006 2307 pro
1021 2245 1074 2290 me
1089 2227 1237 2290 inaniter
1253 2228 1418 2303 effudisti,
1435 2247 1519 2310 qua-

343 2347 455 2391 «rum
480 2327 626 2408 pondero
652 2327 693 2388 ab
722 2325 865 2390 aliorum
891 2325 1125 2406 prosecutione
1149 2325 1309 2390 retardor.
1334 2326 1387 2388 Ad
1412 2329 1520 2390 Deum

343 2450 357 2484 u
381 2445 459 2505 ergo
473 2425 630 2490 lacrimas
646 2424 885 2500 commutabis,
903 2432 936 2487 et
952 2423 988 2487 iu
1004 2423 1183 2504 praeseutia
1198 2423 1357 2487 sacrificii
1372 2424 1520 2506 corporis

343 2550 358 2584 u
381 2525 510 2590 Christi
524 2543 601 2589 curn
616 2525 841 2606 eleemosynis
856 2543 1041 2605 pauperum
1055 2542 1115 2604 pro
1130 2543 1183 2587 me
1198 2542 1254 2586 cor
1267 2524 1363 2605 pium
1377 2531 1410 2587 et
1424 2525 1520 2588 devo·

344 2651 358 2683 α
382 2632 453 2688 tum
478 2625 648 2699 effundas,
673 2630 705 2686 ct
724 2631 804 2686 tunc
826 2623 996 2686 liberabor
1020 2623 1061 2686 ab
1088 2623 1314 2697 incommodo,
1338 2641 1404 2703 quo
1430 2641 1521 2685 nunc

343 2747 358 2780 u
382 2714 535 2802 gravor².
556 2747 570 2777 r
594 2723 680 2784 llum
703 2740 783 2795 nos,
805 2721 864 2800 qui
887 2721 927 2784 de
951 2720 1034 2784 aviae
1055 2720 1204 2782 lacrimis
1224 2720 1291 2783 ista
1314 2721 1519 2795 narraverit,

342 2821 520 2900 opinamur
535 2826 567 2882 ct
582 2819 743 2897 optimum
759 2816 867 2879 filiurn
883 2825 915 2880 et
931 2817 1038 2880 teucri
1054 2817 1160 2878 animi
1175 2817 1286 2879 virum
1304 2817 1422 2881 luisse.

383 2917 541 2982 Ceterum
562 2915 635 2995 ipse
649 2915 817 2994 legentem
832 2914 926 2977 docet
940 2913 1085 2976 Thomas
1107 2931 1174 2976 non
1194 2931 1300 2975 uuum
1316 2931 1352 2977 se
1367 2931 1406 2976 cx
1424 2924 1522 2993 gente

343 3033 405 3079 sua
423 3013 618 3093 religiosam
638 3012 742 3076 vitam
764 3011 953 3092 amplexum
975 3031 1067 3086 essc3
1091 3012 1270 3091 quemdam
1291 3013 1383 3075 enim
1404 3031 1423 3076 e
1442 3030 1523 3076 con·

344 3112 540 3192 sanguineis
554 3118 801 3186 commemorat,
819 3111 878 3190 qui
894 3112 1036 3172 fratrum
1051 3109 1312 3173 Praedicatorum
1326 3117 1454 3173 vestem
1468 3111 1523 3172 in-

344 3209 466 3274 duerit.
490 3209 622 3271 Dicitur
646 3208 692 3282 is,
716 3208 795 3269 dum
820 3208 963 3287 quodam
987 3225 1085 3270 mane
1106 3207 1142 3267 in
1164 3207 1359 3269 dormitorio
1384 3207 1522 3285 vigilat,

345 3308 529 3370 daemonem
551 3306 614 3368 sub
639 3305 750 3384 specie
772 3307 926 3367 formosae
945 3304 1098 3366 mulieris
1114 3311 1328 3383 apparentem
1351 3323 1369 3368 e
1389 3305 1524 3384 proprio

345 3404 467 3478 cubili,
491 3404 588 3467 dorso
617 3403 659 3465 ad
681 3402 845 3482 parietem
865 3402 992 3481 posito,
1014 3401 1171 3482 projectis
1191 3401 1334 3481 pedibus
1360 3409 1393 3465 et
1415 3411 1525 3466 erecto

345 3519 456 3582 pugno
472 3500 682 3580 expulisse¹3
699 3500 788 3580 quod
802 3500 920 3580 utiquc
939 3498 1083 3562 Thomas
1100 3506 1132 3562 et
1151 3500 1200 3562 sic
1219 3501 1346 3562 factum
1361 3518 1435 3563 esse
1452 3518 1525 3565 cre-

346 3599 414 3674 dit,
434 3605 467 3663 et
483 3597 616 3673 laudat,
635 3606 672 3660 ut
690 3597 749 3678 qui
766 3597 963 3676 ingruentes
982 3596 1113 3676 Tartari
1134 3596 1262 3660 incolas
1282 3615 1527 3678 nonnunquam

347 3717 366 3760 a
381 3716 417 3762 se
432 3697 469 3759 in
485 3697 599 3776 lugam
613 3715 728 3760 versos
743 3697 950 3776 profiteatur.

386 3797 482 3874 Quod
502 3803 613 3888 autem
636 3795 755 3858 adeas
778 3793 928 3870 scholas,
949 3794 986 3856 in
1011 3794 1134 3876 quibus
1157 3795 1339 3876 pueritiam
1360 3795 1525 3876 exegerit,

348 3895 435 3959 nihil
455 3903 599 3971 certum3
623 3902 655 3959 et
679 3894 727 3959 ait
751 3894 887 3975 quidem
910 3913 945 3958 se
972 3894 1008 3956 in
1028 3895 1173 3976 quadam
1188 3894 1324 3960 civitate
1346 3895 1528 3976 episcopali

349 3993 448 4059 anuis
469 3993 628 4058 undecim
654 3993 858 4069 adolevisse,
882 4019 895 4050 a
924 3993 983 4056 ubi
1007 3995 1181 4074 sexaginta
1202 3996 1267 4058 duo
1290 3995 1444 4058 canonici
1465 3997 1529 4060 sub

347 4093 535 4176 praebendis
550 4091 785 4174 pinguissimis
799 4092 1019 4156 ducentarum
1030 4095 1101 4156 iere
1113 4093 1276 4156 librarum
1289 4094 1530 4174 parisiensium

348 4192 384 4255 in
412 4191 552 4256 matrice
579 4190 722 4254 ccclesia
748 4190 976 4255 serviebantl.
1001 4215 1015 4248 a
1041 4191 1221 4256 Civitatem
1247 4191 1342 4256 illam
1368 4192 1531 4256 Leodium

383 4469 404 4520 l.
421 4468 456 4530 ll,
473 4480 535 4530 nur,
550 4469 590 4520 32.

380 4547 457 4612 211,
474 4560 535 4612 nur,
553 4549 590 4600 u.

381 4629 405 4680 3.
419 4627 455 4692 11,
471 4639 540 4691 usu,
556 4629 597 4682 37.

382 4709 405 4760 l.
422 4709 443 4774 l,
459 4721 519 4772 ιιι,
535 4707 572 4760 m.
