3644 5450
780 567 784 581 '
849 573 1009 632 -50—

343 705 411 766 uisi
434 703 631 783 plerumque
649 702 793 783 praelati,
815 719 973 765 concesso
994 702 1061 765 sihi
1076 703 1152 783 jure
1172 703 1286 776 abusi,
1304 704 1447 764 nimium
1462 722 1526 766 se·.

343 819 417 863 eum
433 801 654 863 familiarium
671 808 703 864 et
723 818 911 876 servorum,
930 818 1092 880 equorum
1114 817 1245 880 quoque
1270 818 1447 862 numerum
1462 801 1516 862 ad·

342 898 528 973 duxissent,
546 899 673 978 quires
689 896 908 966 ecclesiarum
920 897 1173 960 exhauriebant.
1190 899 1261 959 Hae
1276 898 1389 978 itaque
1405 898 1515 978 hospi-

341 1003 412 1057 tum
427 996 462 1056 in
477 995 636 1058 eeclesias
647 1002 679 1057 et
694 1003 878 1058 conventus
893 995 1078 1074 irruptione
1093 995 1249 1057 monachi
1260 1004 1292 1058 et
1307 994 1421 1058 clerici
1434 998 1515 1061 adeo

342 1094 577 1172 gravabantur,
597 1101 634 1156 ut
649 1111 734 1172 saepe
751 1092 792 1155 ad
807 1110 975 1155 summum
997 1091 1189 1171 pontificem
1208 1093 1418 1156 deferrentur
1433 1113 1515 1175 que·

341 1190 429 1265 rehu,
446 1193 707 1271 frequentesque
722 1191 758 1251 in
771 1190 913 1252 ecclesia
928 1191 1046 1252 exinde
1065 1190 1235 1252 orirentur
1249 1189 1449 1253 simultates.
1466 1193 1514 1253 De

341 1287 394 1350 his
416 1288 559 1350 Thomas
585 1289 711 1362 eadem,
737 1305 810 1367 quae
832 1295 912 1349 tune
933 1286 1172 1349 monachorum
1197 1286 1359 1366 plerique,
1383 1288 1515 1350 videtur

340 1386 477 1460 sentire,
494 1387 554 1446 ubi
572 1388 612 1448 de
627 1385 866 1459 cardinalibus,
885 1384 1022 1463 legatis,
1046 1385 1327 1464 archiepiscopis,
1349 1385 1513 1465 episcopis

340 1482 549 1563 aliorumque
573 1484 784 1562 praelatorum
809 1482 1026 1544 multitudine
1054 1483 1281 1562 conqueritur,
1311 1507 1325 1539 ι
1354 1483 1412 1562 qui
1438 1501 1514 1545 eum

339 1581 471 1658 magnis
491 1581 693 1643 exercitibus
720 1580 791 1642 suis
815 1579 925 1658 potius
956 1597 1056 1659 quam
1082 1578 1234 1650 familiis,
1263 1579 1360 1660 quasi
1382 1597 1448 1642 non
1470 1581 1514 1644 sit

340 1677 484 1755 singulis
514 1696 676 1740 numerus
706 1676 845 1739 familia
872 1678 948 1758 jure
979 1677 1140 1739 canonico
1171 1677 1349 1752 definitus,
1382 1678 1514 1740 deserta

339 1776 458 1850 eremi,
475 1775 538 1838 hoe
553 1783 603 1839 est
616 1775 847 1855 possessiones
863 1776 1045 1856 acquisitas
1062 1775 1250 1851 novalium,
1272 1776 1307 1836 in
1327 1776 1513 1840 ubertatem

339 1892 469 1949 versas,
486 1874 663 1937 comedunt
677 1877 699 1936 ¹.
716 1899 729 1931 ι

379 1975 491 2052 Longe
512 1974 626 2053 itaque
649 1993 668 2036 a
687 1973 857 2054 plerisque
878 1973 1057 2054 aequalium
1082 1992 1219 2036 suorum
1238 1974 1395 2037 dissentit
1409 1975 1513 2038 frater

338 2071 498 2146 ThomaS,
517 2072 576 2152 qui
596 2089 658 2134 neo
677 2072 824 2145 divitias,
842 2090 903 2135 nec
924 2072 1111 2150 elegantem
1129 2073 1271 2135 vestitus
1293 2072 1431 2148 cultum,
1452 2091 1513 2136 nec

338 2168 455 2248 ullum
468 2178 665 2248 apparatum
689 2170 724 2230 in
747 2169 893 2248 praelatis
915 2168 1042 2232 tolerat.
1064 2171 1154 2245 Quos
1173 2188 1306 2233 severos
1327 2189 1406 2249 erga
1423 2173 1512 2250 seip-

339 2284 409 2340 sm,
436 2267 472 2327 in
498 2268 649 2329 subditos
671 2286 914 2346 nonnunquam
939 2285 1073 2346 asperos
1100 2285 1173 2330 esse
1199 2267 1281 2329 vult.
1307 2269 1426 2349 Neque
1451 2287 1512 2331 nos

339 2364 380 2425 ab
395 2365 552 2427 omnihus
568 2364 699 2426 clericis
713 2364 884 2426 laudatum
901 2372 980 2426 tune
994 2365 1101 2428 fuisse
1116 2365 1205 2427 hune
1218 2367 1396 2429 Remensis
1412 2366 1514 2429 eccle-

338 2463 396 2524 siae
415 2464 578 2524 decanum
600 2462 783 2536 eredimus,
805 2462 864 2541 qui
885 2462 1102 2537 Rotrodum2,
1122 2463 1270 2543 ejusdem
1288 2462 1437 2526 eeclesiae
1459 2483 1512 2526 ar-

338 2559 571 2621 chidiaconum
588 2561 741 2622 eumdem
758 2561 835 2622 etin
851 2561 1042 2638 episcopum
1058 2561 1338 2623 Catalauuensem
1356 2563 1509 2638 electum,

335 2657 372 2716 in
391 2659 500 2719 medio
515 2659 660 2736 capitulo
678 2658 874 2734 flagellavit,
892 2658 972 2736 quia
987 2659 1156 2736 exsequiis
1171 2659 1300 2719 lllhcrti
1316 2661 1511 2722 heodieusis

337 2755 494 2834 episcopi,
512 2775 618 2834 nuper·
633 2755 746 2828 occisi,
767 2755 893 2834 absque
911 2773 960 2828 ea,
978 2774 1079 2834 quarn
1098 2755 1134 2815 in
1156 2755 1215 2816 tali
1238 2775 1318 2818 casu
1333 2756 1510 2818 canonicos

337 2852 467 2913 deferre
483 2853 630 2926 decebat,
647 2860 738 2914 veste
754 2852 977 2914 interfuisset.
994 2853 1202 2930 Congregato
1218 2853 1347 2914 seilicet
1364 2853 1509 2932 capitulo

337 2950 534 3029 cunctisque
558 2950 785 3012 residentibus
807 2949 953 3012 decanus
975 2948 1134 3026 electum,
1157 2951 1255 3030 quasi
1273 2951 1374 3030 judex
1396 2969 1507 3025 reum,

335 3046 549 3126 interpellat:
572 3048 759 3111 «Nondum
779 3047 904 3121 adhuc,
928 3055 964 3109 ut
984 3047 1098 3122 eredo,
1123 3048 1430 3109 archidiaconatum
1453 3059 1510 3110 aut

338 3169 352 3200 <1
377 3146 553 3207 canoniam
570 3145 791 3224 resignastis?
808 3170 821 3199 ι
839 3145 902 3208 (lui
920 3145 1045 3207 electus
1063 3165 1070 3205 ε
1087 3146 1281 3219 «Nondum,
1301 3169 1314 3200 ι
1331 3145 1453 3225 inquit.
1470 3182 1510 3190 -

337 3267 351 3298 r
376 3244 510 3320 Surgite
526 3261 614 3321 ergo,
633 3244 680 3304 ait
696 3244 852 3316 decanus,
873 3251 905 3304 et
920 3242 1137 3305 satisfaciatis
1153 3243 1312 3317 ecelesiae,
1329 3251 1362 3304 ct
1374 3243 1507 3305 dorsum

338 3363 351 3392 r
376 3338 418 3399 ad
436 3339 649 3418 disciplinam
665 3357 777 3400 coram
790 3339 952 3402 fratribus
965 3347 1158 3418 praeparate,
1175 3357 1213 3400 eo
1229 3339 1315 3418 quod
1329 3339 1402 3400 sine
1417 3346 1508 3400 veste

337 3462 350 3491 ι
376 3436 518 3514 nuptiali
534 3437 672 3498 chorum
687 3455 763 3498 cum
780 3436 950 3500 canonicis
966 3445 1081 3499 eontra
1102 3435 1251 3514 regulam
1268 3435 1434 3497 introistis
1446 3426 1470 3494 ³.
1491 3459 1506 3490 ι

335 3535 374 3596 In
401 3533 475 3613 ipsa
501 3542 611 3596 tamen
638 3534 826 3610 severitate,
850 3542 1158 3615 quantumcumque
1186 3534 1353 3596 laudanda
1382 3534 1440 3608 sit,
1467 3533 1507 3596 ab

334 3649 473 3694 excessu
491 3632 675 3694 cavendum
695 3633 877 3694 arbitratur
896 3634 1057 3707 Thomas3
1080 3633 1201 3713 quippe
1224 3632 1281 3713 qui
1300 3631 1505 3706 Guinrdum,

333 3730 610 3794 Carueracensem
626 3732 829 3811 episcopum,
848 3751 963 3811 prunas
983 3732 1168 3812 purgatorii
1187 3732 1262 3794 ideo
1281 3749 1417 3810 passum
1434 3748 1507 3793 esse

333 3828 432 3904 dicat,
451 3831 539 3910 quod
554 3830 588 3890 in
606 3829 757 3892 subditos
773 3831 922 3909 asperior
937 3830 1039 3892 fuerit
1050 3834 1073 3890 ⁴.

371 3927 422 3987 Ab
433 3926 617 3990 honoribus
631 3926 868 4007 ecelesiasticis
881 3936 913 3990 et
923 3915 1085 4006 dignitate
1098 3927 1278 4008 episcopali
1294 3945 1350 3990 eos
1362 3927 1506 3990 maxime

332 4024 492 4088 arcendos
512 4032 606 4105 putat
621 4025 781 4100 Thomas,
801 4025 860 4105 qui
879 4015 992 4088 stolidi
1010 4034 1090 4089 sunt
1109 4025 1305 4101 etidiotae⁵;
1322 4033 1448 4088 namet
1465 4025 1505 4088 de

365 4257 386 4306 t.
402 4257 436 4317 ll,
453 4269 505 4320 ιιι,
518 4255 543 4306 ⁸2.

360 4337 384 4387 l.
401 4337 481 4386 Errat
497 4337 626 4396 ihomas,
640 4336 687 4385 ubi
704 4337 777 4384 hune
792 4335 969 4385 Roehardum
984 4335 1119 4385 nominat·

362 4417 385 4467 3.
401 4417 436 4477 ll,
452 4429 552 4477 xxxix,
568 4417 592 4466 2.
610 4417 712 4467 Confer
725 4430 767 4476 ea,
781 4429 843 4479 quae
857 4416 891 4466 de
904 4416 1001 4466 eedem
1015 4429 1044 4465 ro
1058 4416 1087 4464 iu
1099 4417 1189 4464 settin
1203 4418 1361 4465 christiana
1374 4415 1433 4480 (IX,
1446 4415 1502 4478 883)

329 4496 470 4547 dicuntur.
484 4497 525 4546 De
538 4496 679 4547 occisioue
689 4509 757 4548 vero
770 4496 887 4558 hiberti,
899 4495 1064 4547 Leodleusis
1077 4494 1212 4559 episcopi,
1223 4494 1288 4546 vide
1300 4494 1412 4559 ibidem,
1422 4499 1443 4546 t.
1453 4495 1501 4554 lll,

329 4577 447 4629 877-878.

272 4646 280 4659 ·
360 4658 514 4719 r.1,1v,r.

361 4739 384 4788 5.
400 4738 422 4798 Ι,
438 4750 468 4797 ιι,
481 4738 505 4786 ⁶2.
