3644 5450
816 588 975 652 ..38-

313 719 460 785 alensem
474 720 582 788 Vallis
602 721 707 784 Ducis
724 721 760 784 in
783 721 967 786 Brabantia
983 719 1203 796 abbatissam
1224 718 1330 783 heca
1348 717 1484 800 quibua·

313 821 389 882 dam
417 821 453 881 in
482 820 627 899 capitulo
655 821 768 882 nimiae
796 821 832 882 in
865 822 986 882 fratres
1010 819 1249 882 Praedicatores
1277 826 1309 881 et
1337 819 1485 882 Minores

313 917 529 982 liberalitatis
546 927 702 982 accusata
721 941 728 981 :
747 945 761 975 a
781 918 966 994 Fratribus,
987 918 1170 998 respondit,
1192 917 1294 998 pedes
1311 915 1375 999 (ric)
1391 935 1485 996 egre-

315 1045 328 1074 «
355 1018 526 1082 dicutibus
540 1027 572 1082 et
585 1019 620 1081 in
636 1037 725 1081 omno
737 1018 912 1082 lubricatis
930 1017 994 1101 (sic)
1013 1019 1156 1080 concedo
1173 1026 1283 1080 vestes
1295 1018 1437 1080 mundas
1454 1025 1487 1080 et

314 1143 328 1174 a
355 1119 504 1192 tunicas,
528 1126 564 1180 ut
584 1126 679 1181 nocte
702 1119 833 1198 possint
856 1118 1045 1198 quiescere3
1068 1116 1224 1179 monachi
1246 1125 1363 1183 autem.
1380 1116 1487 1179 nostri

314 1241 328 1272 a
355 1217 485 1296 equites
498 1216 639 1290 vadunt,
657 1225 688 1278 et
705 1217 741 1278 in
757 1217 913 1278 manticis
929 1216 1000 1278 suis
1021 1216 1152 1277 tunicas
1168 1223 1200 1277 et
1216 1223 1326 1277 vestes
1340 1201 1487 1292 portant,

317 1339 330 1368 a
357 1331 531 1392 quaecum
549 1314 716 1376 voluerint
731 1321 886 1392 poterunt
901 1314 1079 1375 immutare
1097 1316 1118 1372 ¹.
1138 1338 1152 1368 t

352 1413 423 1475 Nee
438 1430 506 1472 una
524 1412 588 1472 luit
608 1412 668 1474 illa
689 1413 778 1473 inter
801 1412 1061 1486 cistercienses,
1085 1430 1187 1490 aqua
1208 1410 1298 1473 beati
1318 1409 1487 1472 Dominici

313 1506 488 1585 discipulis
502 1508 666 1570 auxilium
677 1509 880 1588 provenerit.
894 1509 1084 1571 Conradum
1094 1515 1118 1583 ²,
1133 1508 1229 1570 Sedis
1241 1505 1439 1586 Apostolieae
1451 1505 1487 1566 in

314 1605 496 1666 Germania
514 1605 672 1684 legatum,
695 1607 955 1671 Cisterciensem
975 1606 1055 1667 olim
1075 1606 1240 1680 abbatem,
1263 1605 1367 1668 refert
1385 1605 1489 1666 irater

314 1702 459 1765 Thomas
481 1704 614 1766 cuidam
635 1704 828 1767 Coloniensi
848 1704 1024 1778 sacerdoti,
1041 1705 1081 1766 de
1095 1703 1328 1766 Dominicanis
1344 1720 1490 1782 conque·

316 1801 421 1874 renti,
447 1803 569 1863 acriter
587 1805 812 1881 respondisse.
838 1805 985 1867 Venerat
1009 1803 1050 1864 ad
1073 1802 1220 1879 legatum
1238 1802 1314 1874 ille,
1337 1802 1452 1864 dicens
1480 1821 1488 1861 ε

317 1922 331 1952 u
357 1899 440 1960 Ecce
458 1900 579 1962 iratres
594 1901 723 1963 ordinis
741 1901 1011 1974 praedicatorum,
1028 1900 1086 1980 qui
1107 1900 1142 1960 in
1161 1900 1320 1961 damnum
1338 1906 1491 1961 nostrum

319 2018 332 2048 ι(
359 1994 533 2056 Coloniam
555 1997 780 2072 intraverunt,
798 1997 917 2059 falcem
939 1997 1077 2059 mittunt
1100 1998 1136 2058 in
1160 2015 1304 2059 messem
1329 1995 1489 2071 alienam3

320 2115 334 2148 a
362 2092 571 2154 subditorum
588 2101 776 2157 nostrorum
790 2096 1019 2158 confessiones
1034 2095 1186 2168 audiunt,
1201 2101 1233 2157 et
1245 2113 1304 2173 per
1319 2094 1383 2155 hoc
1394 2095 1431 2155 in
1446 2093 1461 2154 l
1481 2129 1492 2140 -

320 2213 334 2244 »
360 2208 473 2251 vorem
494 2191 648 2254 homines
668 2193 733 2254 sibi
754 2193 937 2253 attrabunt.
959 2218 972 2247 a
996 2193 1059 2255 Cui
1080 2193 1280 2255 Conradus:
1304 2217 1317 2247 α
1338 2192 1421 2266 Quis
1443 2200 1493 2254 est

320 2311 334 2342 a
360 2304 522 2349 numerus
543 2286 717 2349 hominum
737 2291 771 2350 in
793 2288 952 2368 parocbia
971 2289 1033 2350 tibi
1055 2288 1288 2351 subditorum?
1309 2313 1322 2344 a
1348 2290 1388 2350 Et
1405 2288 1491 2351 ille:

320 2408 334 2440 «
360 2385 489 2447 Novem
512 2385 634 2460 millia,
658 2411 672 2442 t>
695 2387 817 2466 inquit.
833 2389 926 2449 Tunc
945 2387 1148 2464 consignans
1169 2404 1204 2448 se
1225 2404 1322 2448 cruce
1336 2385 1491 2465 legatus:

322 2507 335 2539 a
361 2483 445 2559 Quis
461 2501 496 2546 es
511 2493 563 2559 to,
578 2485 778 2560 miserrime,
797 2485 855 2566 qui
871 2492 917 2556 tot
932 2483 1083 2546 millibus
1099 2483 1190 2546 solus
1206 2484 1332 2548 sufficis
1348 2484 1493 2547 debitam

321 2607 335 2638 a
362 2582 616 2662 gubernationis
632 2602 746 2646 euram
766 2583 1022 2664 impenderet...
1045 2585 1085 2645 Et
1101 2591 1148 2656 tu,
1172 2584 1202 2645 si
1224 2583 1307 2646 tales
1321 2583 1426 2646 habes
1444 2584 1494 2645 vi-

321 2705 335 2737 «
361 2681 481 2767 caries,
499 2681 701 2761 querularis,
719 2681 776 2761 qni
797 2700 882 2743 onus
899 2688 992 2742 tuum
1011 2682 1115 2759 gratis
1130 2681 1294 2755 relevent,
1319 2680 1381 2744 sub
1399 2682 1494 2763 cujus

321 2803 336 2836 a
360 2773 507 2858 pondere
523 2780 657 2842 nescius
673 2779 909 2860 conquassaris
925 2778 953 2840 ³!
972 2803 986 2834 n
1004 2779 1097 2840 Idem
1114 2779 1171 2842 ille
1186 2779 1360 2843 Corradus
1379 2779 1495 2842 fratri-

322 2877 386 2941 bus
399 2877 690 2953 PraedieatoribuS,
707 2895 782 2940 eum
798 2895 904 2956 nuper
918 2877 1085 2939 Lutetiam
1101 2878 1328 2948 advenissent,
1343 2878 1492 2941 dixerat:

323 3001 337 3032 a
364 2975 457 3038 Licet
484 2975 623 3038 alterius
645 2975 865 3055 professionis
887 2975 951 3038 sim
972 2973 1108 3049 habitu,
1131 2975 1236 3037 frater
1255 2983 1367 3039 tamen
1385 2983 1495 3039 vester

323 3097 337 3130 a
363 3090 419 3136 ero
435 3073 596 3152 quamdiu
611 3073 793 3136 subsistam
809 3073 844 3135 in
862 3073 941 3147 vita,
961 3090 1022 3135 nec
1039 3071 1110 3134 ulla
1126 3091 1275 3152 unquam
1292 3092 1311 3135 a
1326 3073 1422 3137 vobis
1437 3073 1495 3136 ad-

323 3196 337 3226 «
361 3171 519 3233 versitate
535 3170 676 3234 divellar
691 3173 713 3232 ⁴.
732 3196 746 3227 1>

361 3269 493 3328 Dicitur
513 3268 586 3346 ipsa
600 3268 698 3330 beata
712 3269 816 3345 Virgo
837 3270 944 3330 Maria
960 3275 1152 3331 nascentem
1168 3268 1427 3330 medicatorum
1444 3284 1498 3329 or-

322 3363 436 3424 dinem
450 3364 575 3426 lovisse
591 3369 614 3439 ⁸,
637 3383 743 3425 unum
760 3365 849 3426 inter
863 3383 979 3427 omnes
1002 3385 1021 3428 a
1036 3365 1179 3426 Domino
1201 3362 1339 3442 speciali
1355 3362 1497 3442 quodam

322 3459 419 3520 modo
434 3461 637 3522 custoditum
651 3467 676 3521 ⁶.
695 3462 765 3524 Nee
785 3470 894 3523 tamen
913 3462 987 3524 ideo
1004 3461 1149 3524 Thomas
1165 3480 1184 3523 a
1200 3461 1266 3540 piis
1282 3461 1324 3523 ad
1343 3460 1451 3523 socios
1465 3466 1499 3521 et

323 3556 569 3618 commilitones
586 3575 664 3620 suos
684 3557 973 3621 exhortationibus
988 3558 1150 3632 abstinet,
1168 3556 1368 3620 monachum
1382 3557 1498 3618 Domi-

324 3653 483 3714 nicanum
496 3653 547 3715 vel
559 3655 819 3716 Franciscanum
831 3655 1046 3734 opericulosa
1061 3655 1303 3717 consuetudine
1314 3654 1496 3728 deterrens

324 3769 390 3832 qua
405 3750 601 3831 plerumque
619 3753 790 3814 cmnobitae
811 3753 928 3816 relicto
942 3753 1032 3815 socio
1049 3753 1085 3813 in
1101 3753 1223 3814 itinere
1241 3751 1303 3814 soli
1325 3769 1498 3813 remanere
1519 3785 1524 3792 ·

324 3857 571 3910 consueverunt
587 3853 607 3909 ⁷.
628 3851 665 3909 In
682 3867 738 3912 eos
754 3868 885 3928 quoquo
906 3850 1027 3910 acriter
1043 3849 1226 3922 invehitur,
1243 3848 1302 3927 qui
1320 3856 1430 3926 spreta
1445 3866 1499 3909 or-

325 3944 415 4007 dinis
428 3945 546 4023 rogula
557 3964 592 4007 se
604 3946 833 4025 episcoporum
846 3945 896 4008 vel
912 3945 1096 4024 legatorum
1109 3945 1287 4008 consortiis
1300 3945 1496 4024 adjungunt,

327 4067 341 4099 a
359 4051 394 4105 ut
409 4062 469 4122 per
484 4043 755 4124 praedicationem
770 4045 891 4119 crueiS,
909 4053 965 4106 aut
980 4044 1046 4107 alio
1068 4043 1180 4125 aliquo
1195 4044 1303 4106 officio
1317 4043 1496 4118 mediante,

355 4266 382 4398 l.
397 4267 557 4398 llllr'alum
573 4347 607 4398 de
622 4347 724 4412 Urach,
738 4349 916 4414 cardinalem,
930 4350 1092 4414 episcopum
1108 4349 1299 4402 portuensem.

357 4426 381 4560 l:
397 4427 419 4570 l:
433 4439 474 4573 11:
486 4427 513 4560 l:

267 4619 275 4632 ·
357 4588 572 4652 5.11,x,1ott.

357 4669 380 4722 6.
396 4668 432 4734 11,
446 4681 515 4735 xxx,
529 4671 568 4722 ts.

358 4750 381 4801 7.
397 4749 517 4814 11,1.vn,
536 4751 574 4803 35.
