3644 5450
855 597 1015 672 -3‘2-
1081 661 1083 666 .

345 741 506 805 Thomam
521 750 553 806 et
568 759 628 804 nos
643 741 750 804 luisse
764 741 969 820 profitemur,
984 741 1043 820 qui
1057 741 1245 803 redivivum
1258 741 1377 804 bovem
1392 742 1433 804 ad
1448 759 1513 803 ma-

344 843 400 922 jus
414 841 599 920 legentium
614 841 773 919 gaudium
787 840 843 919 pia
860 839 1069 918 ingenuitate
1085 839 1325 919 praedicaverit.

387 943 458 1005 Nec
475 940 655 1021 prodendis
674 939 770 1000 modo
789 938 979 1014 miraculis,
997 938 1056 1001 sed
1075 945 1107 999 et
1126 937 1315 1000 revelandis
1331 946 1458 1001 naturae
1473 957 1521 1001 se-

347 1039 448 1102 cretis
464 1038 584 1116 gaudet
603 1037 701 1099 beata
720 1035 941 1098 lovaniensis
959 1035 1115 1097 monachi
1132 1035 1326 1112 credulitas;
1345 1054 1364 1098 a
1379 1037 1521 1116 quadam

347 1137 438 1199 enim
461 1136 607 1213 virgine,
628 1153 701 1214 qum
721 1134 872 1196 isabellae
891 1134 1156 1210 llngolismcnsi,
1178 1135 1363 1212 Anglornm
1384 1134 1518 1212 reginae,

347 1235 520 1308 servierat,
539 1252 573 1296 se
590 1233 759 1294 audivisse
776 1233 822 1294 ait
838 1240 1036 1306 monstrum,
1054 1252 1072 1294 a
1088 1233 1199 1294 nautis
1216 1233 1252 1292 in
1267 1234 1352 1293 mari
1370 1241 1517 1311 captum,

347 1333 455 1394 eidem
469 1333 594 1410 reginae
609 1331 746 1393 allatum
763 1325 853 1404 esse,
872 1332 959 1410 quod
978 1349 996 1391 a
1012 1331 1139 1392 femina
1154 1348 1220 1390 non
1237 1330 1304 1392 nisi
1319 1331 1435 1408 paucis
1451 1330 1520 1391 dis·
1559 1402 1561 1407 .

348 1438 441 1505 taret,
457 1439 489 1492 et
505 1447 624 1492 novam
637 1429 715 1489 inde
731 1427 796 1489 sibi
811 1427 970 1490 laudandi
983 1429 1229 1507 omnipotentis
1245 1428 1454 1490 occasionem
1470 1445 1519 1489 as·

345 1546 482 1592 sumens
508 1549 515 1588 ι
539 1553 552 1584 α
577 1527 686 1588 Etiam
707 1525 787 1587 hinc
808 1526 1074 1603 magnificandus
1092 1533 1142 1588 est
1161 1529 1268 1600 Deus,
1286 1525 1343 1606 qui
1364 1525 1463 1602 digne
1482 1523 1519 1586 in

345 1627 508 1688 creaturis
532 1625 657 1686 talibus
685 1624 786 1686 etiam
812 1623 979 1699 mirabilis
1007 1624 1205 1702 praedicatur
1221 1632 1242 1684 ¹.
1274 1648 1287 1679 »
1313 1625 1383 1687 Nec
1407 1629 1518 1684 tamen

345 1740 476 1801 semper
492 1723 573 1784 adeo
590 1721 748 1793 stolidus,
765 1727 802 1780 ut
818 1739 837 1780 a
851 1720 1086 1798 perquirendis
1102 1721 1190 1782 veris
1205 1739 1317 1781 rorum
1333 1721 1444 1781 causis
1460 1719 1519 1780 ab·

345 1821 502 1894 stineret;
516 1820 570 1879 cui
584 1836 659 1878 cum
673 1817 800 1890 Alaisa,
816 1816 1005 1878 Brabantire
1018 1819 1162 1890 ducissa,
1177 1825 1339 1891 narraret,
1357 1817 1423 1878 sibi
1438 1817 1517 1877 olim

344 1917 462 1996 puelle
478 1935 496 1978 a
511 1917 640 1978 medico
655 1915 805 1996 quaedam
823 1915 862 1976 de
878 1933 1072 1994 puerorum,
1091 1933 1173 1995 quos
1190 1915 1329 1977 enixura
1347 1915 1443 1990 foret,
1460 1933 1518 1976 va-

342 2013 492 2077 letudine
510 2014 703 2093 praedictum
718 2031 792 2076 esse
807 2032 814 2074 :
830 2038 843 2068 v
859 2021 891 2074 et
906 2013 969 2075 hoe
983 2014 1079 2087 forte,
1097 2013 1243 2094 conjicit,
1260 2013 1445 2094 plrysicus2
1459 2029 1518 2092 po·

342 2120 428 2174 terat
443 2113 635 2192 praevidere,
652 2112 786 2189 cognita
801 2111 963 2191 qualitate
981 2129 1018 2172 ac
1033 2111 1205 2174 debilitate
1220 2111 1370 2174 matricis
1380 2113 1403 2170 ³.
1423 2135 1437 2166 »

383 2212 545 2273 Homines
562 2211 632 2272 vita
646 2210 778 2270 functos
798 2209 834 2269 in
852 2217 977 2270 terram
993 2227 1077 2288 saepe
1094 2209 1204 2272 redire
1220 2217 1251 2270 et
1267 2227 1302 2272 se
1317 2209 1404 2272 vivis
1420 2210 1518 2288 quasi

343 2309 492 2388 quotidie
513 2308 628 2370 obvios
651 2308 730 2370 dare
752 2326 818 2368 non
843 2308 933 2370 solus
951 2308 1094 2370 Thomas
1112 2296 1395 2386 Cantipratensis‚
1414 2308 1517 2370 immo

342 2407 494 2486 plerique
512 2424 550 2468 eo
566 2412 713 2484 tempore
727 2423 786 2483 pro
802 2412 891 2467 certo
905 2405 1108 2468 habuerunt.
1125 2407 1237 2483 Longe
1252 2405 1389 2485 majoris
1405 2413 1517 2467 aulem

343 2493 503 2566 momenti
519 2511 597 2566 sunt
612 2522 661 2576 ea,
677 2520 750 2582 quae
764 2503 804 2564 de
820 2502 951 2565 diabolo
965 2505 1104 2584 ejusque
1119 2503 1296 2578 ministris,
1310 2503 1516 2566 daemonibus

343 2601 482 2675 scilicet,
497 2602 532 2661 in
548 2600 645 2662 libris
662 2600 733 2662 suis
749 2600 874 2678 passim
891 2601 1052 2679 exposuit.

382 2698 484 2761 Nulla
500 2705 549 2760 cst
565 2697 655 2758 enim
671 2697 759 2776 apud
774 2716 845 2771 eos,
865 2699 953 2758 inter
969 2717 1052 2777 quos
1070 2699 1163 2772 vixit,
1181 2717 1282 2776 prava
1297 2700 1513 2773 cousuetudo,

341 2795 435 2856 nulla
449 2794 564 2868 libido,
582 2812 665 2872 quae,
686 2795 714 2854 si
730 2794 862 2855 'rhomae
878 2794 1004 2867 credas,
1022 2814 1041 2855 a
1055 2796 1211 2874 pessimis
1227 2795 1367 2856 humani
1382 2795 1514 2872 generis

340 2891 501 2966 inimicis,
524 2892 727 2970 ubicumque
746 2891 982 2968 praesentibus,
1002 2909 1068 2952 non
1091 2892 1199 2953 trabat
1216 2893 1392 2970 originem.
1414 2892 1515 2966 Quis-

314 3043 316 3048 .
340 2990 416 3070 quis
443 2990 549 3060 enim,
573 2997 605 3051 et
625 3007 834 3068 quocumque
852 2990 964 3063 mode,
981 2991 1182 3067 peccaverit,
1204 2990 1367 3069 extemplo
1386 2991 1513 3052 daemon

340 3088 444 3162 adest,
467 3086 667 3148 monachum
689 3087 724 3146 in
750 3086 891 3149 eeclesia
913 3095 1108 3150 stertentem
1132 3107 1148 3150 e
1171 3107 1286 3151 somno
1305 3090 1510 3164 excutiensl,

340 3185 653 3248 sanctimonialibus
664 3184 700 3245 in
716 3184 799 3246 hora
813 3187 1053 3246 matutinarum
1067 3187 1311 3250 dormientibus
1325 3188 1470 3250 irridens
1481 3191 1510 3262 ⁶3

340 3284 443 3361 serpit
465 3284 500 3344 in
522 3289 728 3343 mortuorum
745 3301 892 3360 corpora,
910 3302 975 3362 quo
994 3285 1099 3360 magis
1114 3285 1187 3363 pios
1204 3291 1361 3361 lorroat⁰;
1382 3287 1417 3346 in
1435 3287 1512 3348 caelo

340 3381 564 3460 nubibusque,
583 3381 739 3441 saeviente
754 3380 910 3458 procella,
927 3381 1134 3454 deambulat,
1152 3390 1188 3441 ut
1204 3391 1318 3442 auctor
1334 3381 1406 3460 ipse
1422 3382 1512 3443 lraud

338 3478 453 3557 procul
475 3496 494 3538 a
515 3477 702 3539 Lemovicis
724 3483 871 3554 tempore
891 3495 951 3538 suo
971 3479 1096 3539 lactum
1117 3479 1261 3540 asserit:
1283 3479 1509 3553 «Vinearum,

339 3575 396 3648 ait,
417 3582 528 3637 custos
544 3573 606 3636 sub
622 3573 756 3652 tugurio
771 3573 807 3632 in
823 3575 1076 3652 campestribus,
1095 3575 1350 3638 imminentibus
1367 3584 1510 3655 tempes-

338 3673 475 3746 tatibus,
491 3671 656 3745 latitabat,
674 3679 706 3733 et
721 3671 849 3732 audivit
865 3671 1081 3733 clamantium
1097 3692 1193 3736 voces
1209 3675 1244 3734 in
1261 3693 1337 3737 aere
1353 3695 1359 3735 :
1375 3701 1388 3730 (ι
1403 3673 1508 3739 Cave!

340 3770 476 3834 ullave!
496 3796 509 3826 a
528 3771 567 3832 Et
588 3769 674 3831 alius
696 3769 917 3848 respondebat
936 3789 943 3829 :
962 3794 976 3825 ι(
1000 3771 1087 3846 Quid
1103 3772 1246 3834 cavebo?
1267 3799 1280 3828 »
1298 3774 1338 3834 llt
1354 3773 1508 3851 primus:

339 3868 512 3931 «Vineam
528 3866 619 3929 Petri
638 3865 799 3928 Richardi
820 3883 861 3928 ne
881 3866 1019 3928 laeseris.
1039 3891 1052 3921 a
1075 3868 1188 3945 Sopita
1209 3887 1286 3945 ergo
1301 3869 1510 3948 postmodum

337 3973 544 4046 tempestate,
561 3964 633 4027 sola
647 3965 747 4026 vinea
760 3964 850 4027 Petri
866 3965 1027 4026 Richardi
1040 3965 1201 4028 immunis
1214 3975 1345 4045 reperta
1360 3976 1409 4029 est
1423 3986 1442 4028 a
1456 3968 1508 4030 lae·

335 4053 425 4127 sura.
444 4064 522 4126 Erat
538 4071 649 4126 autem
665 4065 785 4125 Petrus
801 4062 990 4126 Richardus
1007 4062 1066 4145 (sic
1084 4064 1174 4126 enim
1189 4065 1358 4127 binomius
1373 4066 1507 4128 diceba-

367 4359 389 4410 l.
406 4361 441 4424 ll,
458 4372 525 4419 rrx,
542 4361 580 4412 53.

365 4444 388 4493 ‘l.
406 4442 539 4493 Modicus.

364 4525 386 4575 3.
404 4525 439 4582 tl,
452 4535 533 4586 attat,
548 4523 571 4572 6.

363 4605 388 4656 l.
405 4606 439 4666 ll,
455 4616 501 4665 xa,
519 4605 555 4654 ll.

364 4687 387 4737 5.
403 4684 438 4742 ll,
454 4695 500 4747 xa,
518 4682 555 4734 la.

363 4767 387 4816 6.
404 4765 439 4828 11,
457 4765 563 4824 av11,8.
