3644 5450
885 545 1046 605 ..68-

380 694 458 738 nem
478 677 514 738 in
535 677 777 740 monasterium
794 676 911 744 invitis
930 676 1002 740 suis
1017 676 1209 754 confugisse
1225 675 1355 751 dicens,
1372 674 1408 736 id
1421 675 1508 755 patri
1522 682 1555 736 et

379 766 497 837 amicis
515 775 587 856 ejus
605 773 791 853 exprobrat,
810 773 897 855 quod
915 799 928 830 ι
948 792 1006 854 per
1022 773 1213 854 episcopum
1230 771 1464 848 leodiensem,
1481 781 1554 835 tan-

380 872 520 953 demque
531 891 591 951 per
601 891 720 953 papam
733 873 931 935 Honorium.
944 873 1031 934 datis
1044 872 1199 933 maximis
1213 871 1377 952 pecuniis,
1394 895 1407 926 u
1420 870 1554 933 decerni

377 971 642 1050 procuraverint,
657 978 693 1034 ut
706 971 796 1033 iufra
810 979 941 1034 aetatem
956 968 1142 1049 legitimam
1154 969 1225 1031 filia
1237 969 1348 1032 ablata
1359 969 1555 1048 parentibus

378 1069 573 1132 redderetur
589 1072 611 1130 ¹.
637 1071 677 1132 Et
697 1089 816 1149 parum
841 1070 934 1132 abest
958 1070 1041 1149 quin
1066 1086 1235 1132 summum
1259 1068 1450 1147 pontificem
1474 1084 1555 1129 auro

378 1167 536 1230 hebraico
552 1175 744 1246 corruptum
759 1167 858 1240 dicat,
876 1167 934 1246 qui
950 1167 1096 1245 prolecto
1113 1183 1180 1227 uon
1194 1165 1230 1227 id
1248 1164 1457 1226 tolerandum
1481 1181 1555 1226 esse

378 1264 518 1342 putavit,
537 1273 574 1325 ut
591 1264 702 1343 pueri,
721 1264 822 1327 etiam
845 1263 990 1326 colendae
1011 1261 1186 1338 religionis
1206 1279 1357 1334 causa,e
1379 1268 1554 1338 parentum

379 1361 536 1422 manibus
558 1361 781 1423 elaberentur.
799 1363 870 1422 lloe
885 1360 987 1423 etiam
1002 1359 1130 1420 crimen
1154 1377 1218 1420 uon
1235 1358 1352 1434 ellugit
1370 1356 1555 1434 archiepis-

379 1474 480 1536 copus
494 1457 568 1530 ille,
586 1475 686 1537 quem
701 1457 912 1520 Gualterium
927 1456 1127 1529 Cornutum,
1147 1457 1375 1518 Sunonensem
1390 1463 1555 1531 metropo-

376 1553 536 1628 litanum,
553 1554 660 1615 fuisse
680 1553 832 1626 credunt,
849 1553 974 1632 quique
998 1551 1128 1612 codices
1148 1550 1374 1624 'lalmudicos,
1395 1551 1555 1612 suadente

378 1650 525 1714 Henrico
550 1651 590 1714 de
612 1649 766 1725 Colonia,
790 1649 1026 1722 Dominicano,
1043 1647 1169 1712 ludaeis
1195 1648 1339 1723 ablatos,
1363 1647 1432 1710 illis
1456 1647 1555 1710 resti·

379 1747 519 1810 tuendos
536 1765 610 1812 esse
625 1756 814 1811 censuerat.
833 1750 882 1810 De
899 1746 958 1808 lite
973 1765 1062 1819 vero,
1080 1765 1154 1826 eluar
1168 1746 1221 1808 bis
1237 1764 1347 1808 coram
1363 1764 1441 1824 rege
1456 1764 1556 1824 super

379 1845 441 1906 hoe
457 1855 530 1907 acta
545 1854 606 1917 est,
620 1845 718 1926 plura
733 1847 837 1909 frater
849 1845 1004 1918 Thomas
1020 1850 1052 1906 et
1068 1842 1207 1905 edoctis
1223 1844 1358 1923 (pridem
1374 1861 1459 1922 serpe
1474 1844 1555 1905 reci-

378 1950 458 2018 tata,
471 1942 586 2005 retulit
596 1937 620 2010 ²,
634 1944 803 2022 peculiare
816 1943 898 2022 quid
910 1942 950 2004 de
962 1941 1032 2004 illis
1046 1942 1242 2004 tractatibus
1257 1943 1408 2004 referens
1422 1961 1454 2002 :o
1470 1943 1556 2004 Nota

379 2048 502 2115 autem,
516 2041 629 2116 lector,
646 2041 733 2120 quod
749 2058 864 2102 omnes
879 2038 1060 2102 orientales
1075 2042 1094 2103 J
1098 2039 1183 2100 udaei
1199 2039 1373 2102 liaueticos
1387 2047 1418 2102 et
1431 2057 1556 2102 excom·

379 2137 567 2202 manicatos
590 2146 747 2220 reputant
767 2140 829 2201 hos
844 2138 993 2214 Juoaeos,
1014 2138 1072 2218 qui
1092 2146 1207 2201 contra
1227 2138 1334 2217 legem
1352 2139 1507 2220 Moyses]
1525 2148 1556 2202 et

379 2236 679 2316 prophetashuuc
709 2239 850 2313 librum,
879 2238 937 2318 qui
965 2237 1131 2301 Thalmud
1160 2237 1300 2313 dicitur,
1328 2237 1495 2317 recipiunt
1524 2245 1556 2300 et

381 2335 609 2398 conscribunt.
627 2360 642 2394 a

421 2432 580 2496 Infelices
597 2452 675 2513 ergo
689 2431 823 2498 Judzeos
837 2435 982 2498 Thomas
1002 2436 1158 2498 nefandis
1179 2435 1363 2498 sceleribus
1377 2443 1505 2512 onerat,
1525 2444 1557 2498 et

381 2532 422 2594 ah
438 2532 481 2594 iis
496 2531 680 2610 puellulam
695 2534 874 2612 quamdam
889 2532 924 2595 in
947 2534 1065 2613 oppido
1082 2535 1223 2609 Suevice,
1238 2534 1440 2597 Plortzheim
1455 2535 1554 2610 dicte,

382 2649 487 2710 nuper
502 2639 631 2709 raptam
646 2639 745 2711 atque
764 2632 853 2692 inter
868 2633 1036 2693 cruciatus
1052 2632 1196 2694 occisam
1212 2650 1285 2694 csse
1301 2633 1417 2695 credit.
1436 2634 1554 2709 Qurrm,

380 2728 534 2808 pluribus
552 2729 623 2808 jam
640 2729 758 2790 diebus
774 2735 955 2801 mortuam,
973 2729 1075 2790 refert
1091 2730 1290 2790 adveniente
1308 2729 1501 2791 marclrieue
1516 2730 1556 2792 de

382 2826 495 2886 Baden
517 2843 591 2887 sese
615 2826 777 2899 erexisse,
800 2843 987 2904 manusque
1010 2825 1050 2885 ad
1075 2824 1172 2886 illum
1197 2825 1394 2895 tetendisse,
1418 2850 1431 2881 o
1458 2826 1554 2905 quasi

379 2920 562 2982 vindictam
590 2921 782 2998 sanguinis,
810 2921 863 2982 vel
893 2923 977 2984 sorte
1011 2921 1276 2984 misericordiam
1304 2923 1509 3000 imploraret.
1539 2945 1553 2978 s

381 3017 552 3095 Sanguine
566 3035 664 3097 porro
680 3035 697 3080 e
712 3017 909 3080 vulneribus
925 3025 1119 3096 erumpente
1129 3020 1149 3083 J
1152 3019 1237 3080 udmi
1254 3019 1363 3081 scelus
1378 3019 1555 3082 admisisse

379 3123 577 3194 arguuntur,
594 3133 663 3176 una
678 3133 753 3176 eum
769 3115 913 3194 quadam
929 3115 1057 3190 vetula,
1075 3135 1148 3196 quae
1165 3116 1312 3194 puellam
1327 3117 1371 3178 iis
1385 3117 1555 3179 ferebatur

381 3213 571 3287 tradidisse,
587 3213 624 3274 in
639 3220 712 3275 rota
726 3213 778 3275 vel
794 3213 829 3273 in
844 3214 1200 3292 patibulo.iutereunt;
1219 3233 1361 3294 quorum
1375 3214 1554 3293 supplicio-

380 3328 456 3370 rum
471 3318 561 3372 metu
577 3311 642 3372 duo
657 3328 696 3373 ex
715 3310 758 3372 iis
777 3328 851 3372 sese
871 3319 986 3372 nurtuo
1001 3311 1170 3391 jugulant.
1192 3313 1276 3372 Rem
1294 3313 1359 3373 sitii
1375 3312 1517 3373 Thomas
1536 3331 1554 3372 a

358 3401 509 3468 'dnobus
526 3407 689 3468 fratribus
708 3407 986 3470 Praedicator-ilius
1008 3417 1178 3469 narratam
1198 3427 1271 3469 esse
1292 3409 1424 3481 asserit,
1441 3409 1499 3488 qui
1517 3408 1555 3469 in

380 3503 496 3563 eedem
518 3502 637 3581 oppido
658 3503 775 3581 paucis
791 3502 910 3565 dielrus
930 3511 1003 3582 post
1024 3511 1193 3582 patratum
1212 3504 1344 3566 lacinus
1363 3495 1554 3566 affueriml.

382 3623 395 3653 ι
414 3599 502 3660 llinc
516 3599 620 3677 igitur
636 3600 816 3663 videndum
832 3609 892 3676 est,
911 3601 968 3676 ait,
985 3620 1044 3663 cur
1059 3601 1168 3665 Judaei
1182 3601 1365 3664 secundum
1380 3610 1555 3666 consuetu·

380 3695 494 3758 dinem
514 3697 549 3758 in
572 3697 665 3758 omui
689 3698 862 3777 provincia
886 3718 986 3780 quam
1012 3699 1204 3761 inhabitant
1228 3699 1451 3762 christianum
1477 3719 1556 3762 sau-

380 3793 518 3872 guinem
539 3794 693 3856 fundant.
715 3795 911 3859 Certissime
936 3797 1027 3858 enim
1053 3805 1258 3876 compertum
1281 3805 1331 3860 est
1355 3798 1443 3878 quod
1463 3798 1555 3859 omni

380 3909 468 3953 auno
482 3891 518 3953 in
534 3893 684 3972 qualibet
697 3894 870 3972 provincia
885 3903 991 3958 sortes
1007 3895 1156 3969 mittunt,
1174 3913 1246 3975 quse
1261 3896 1379 3958 civitas
1394 3896 1446 3957 vel
1460 3895 1554 3974 oppi-

380 3989 458 4050 dum
474 3989 698 4054 christianum
714 3993 914 4070 sanguinem
929 3993 1007 4056 aliis
1025 3993 1218 4056 civitatibus
1233 3993 1342 4055 tradat
1354 3998 1375 4054 ⁴.
1395 4017 1408 4052 a
1423 3994 1464 4056 Et
1477 4012 1554 4072 pro-

379 4087 467 4149 tecto
489 4087 602 4151 nimiae
622 4088 831 4179 credulitatis
853 4093 1043 4172 arguendus
1065 4093 1110 4156 sit
1131 4093 1189 4174 qui
1211 4091 1292 4155 talia
1313 4091 1463 4172 scripsit,
1486 4090 1553 4154 nisi

412 4448 434 4500 l.
450 4450 485 4512 11,
500 4462 580 4515 xxix,
594 4451 634 4515 20,
649 4467 677 4518 p.
689 4451 746 4506 298.

410 4527 567 4593 alme

410 4607 433 4662 3.
449 4608 486 4671 ll,
501 4623 581 4673 xxtx,
595 4611 636 4663 ll.

411 4687 434 4739 l.
450 4677 485 4749 11,
500 4702 580 4752 xxix,
595 4690 634 4742 23.
