3644 5450
894 559 1036 621 -7-

378 691 431 754 illi
446 692 582 774 quidem
603 692 687 773 ipsis
702 693 836 757 Thema
855 694 967 759 verbis
987 694 1116 774 decepti
1136 703 1234 769 sunt,
1252 693 1311 776 qui
1328 695 1394 759 tale
1413 695 1502 759 nihil
1517 695 1554 758 in

381 787 493 852 animo
508 789 638 865 habuit,
658 808 733 852 cum
749 790 875 854 diceret
891 811 898 852 :
918 816 931 847 α
949 791 1035 854 Mihi
1048 810 1108 871 per
1121 791 1235 871 plures
1251 810 1357 855 annos
1373 793 1409 855 in
1426 793 1556 874 episco-

377 894 457 968 patu
473 887 708 952 cameracensi
722 888 813 952 vices
836 888 965 968 gerenti
983 889 1130 969 episcopi
1146 889 1182 950 in
1202 889 1472 954 confessionibus
1493 910 1555 954 au-

379 985 511 1050 diendis
525 987 548 1061 ¹,
573 1009 588 1043 1>
605 986 658 1050 vol
677 1007 684 1049 :
707 1011 722 1044 α
742 985 801 1069 qui
816 987 995 1076 a'triginta
1018 988 1117 1050 annis
1138 986 1174 1050 in
1196 987 1340 1052 diversis
1358 988 1554 1068 regionibus

377 1085 468 1149 vices
496 1085 725 1167 episcoporum
750 1086 980 1150 confessiones
995 1086 1137 1150 audieus
1158 1087 1365 1168 exsequebar
1380 1092 1405 1148 ².
1427 1111 1441 1144 a
1469 1089 1554 1151 llum

378 1184 493 1260 immo,
510 1185 646 1266 optimis
658 1185 830 1268 judicibus
841 1187 1101 1259 consentientes,
1117 1185 1295 1265 opinamur
1304 1185 1341 1248 in
1354 1204 1414 1248 suo
1424 1185 1554 1261 ordine,

378 1283 1622 1364 etTcutmriaemridemprovincia,mquaedimstoremgerreralertrptro·¹

378 1386 506 1443 motum
521 1399 611 1455 esse,
629 1379 723 1444 etita
740 1381 866 1444 tactum
882 1389 920 1444 ut
934 1381 1045 1444 varias
1061 1380 1248 1445 Galliarum
1268 1386 1300 1444 et
1315 1379 1468 1460 Imperii,
1486 1386 1554 1442 tam

376 1478 490 1558 Belgii
505 1499 604 1562 quam
615 1479 814 1555 Germaniae,
829 1487 941 1560 partes
953 1499 1012 1562 per
1026 1480 1143 1559 longos
1159 1498 1276 1554 annos,
1290 1478 1468 1541 audiendis
1478 1496 1554 1542 eon·

377 1575 586 1641 sessionibus
601 1577 776 1654 insudans,
785 1577 956 1643 lustraret.
969 1580 1042 1656 Quo
1053 1597 1131 1642 vero
1144 1577 1266 1652 studio,
1279 1595 1346 1658 qua
1357 1595 1437 1656 erga
1445 1579 1555 1641 Deum

376 1673 511 1754 pietate,
528 1683 653 1755 quanto
667 1675 704 1738 in
718 1683 909 1755 peccatores
926 1694 1038 1740 amore
1052 1676 1111 1740 isti
1126 1694 1162 1740 se
1174 1674 1282 1739 labori
1294 1674 1469 1748 addixerit,
1484 1676 1553 1738 ire-

376 1780 500 1854 qucnte
517 1773 589 1856 ejus
604 1773 768 1838 relatione
784 1781 930 1855 apparet.
953 1777 1037 1838 llum
1058 1793 1146 1838 anno
1169 1773 1384 1839 MCCXLVII
1398 1771 1552 1836 videmus

374 1870 533 1934 morienti
548 1871 674 1947 Gentae,
692 1871 911 1936 cisterciensi
927 1873 1067 1936 Floridae
1080 1871 1188 1936 Vallis
1201 1871 1237 1934 in
1252 1871 1437 1934 Brabantia
1454 1871 1552 1934 abba-

375 1967 482 2043 tissae,
510 1969 717 2033 assidentem
736 1959 758 2032 ⁸.
790 1972 889 2035 Nunc
917 1970 1056 2033 divitem
1079 1969 1230 2051 ejusdem
1256 1967 1406 2048 regionis
1429 1968 1552 2032 mulie-

375 2085 466 2142 rem,
496 2068 694 2131 a'daemone
718 2068 911 2142 obsessam,
941 2068 1103 2142 liberat⁴3
1133 2084 1224 2129 nunc
1250 2083 1354 2146 puero
1381 2065 1550 2141 subvenit,

374 2183 474 2246 quem
489 2164 642 2228 diabolus
657 2164 847 2245 presbyteri
863 2172 955 2228 veste
970 2164 1109 2227 indutus
1126 2163 1305 2238 vexabat⁵3
1322 2181 1412 2225 nunc
1427 2180 1553 2242 paupe·

373 2260 420 2324 ris
432 2260 548 2342 piique
562 2259 811 2336 homuncionis,
828 2261 882 2324 cui
898 2261 1017 2341 triplex
1033 2262 1221 2323 animarum
1239 2265 1468 2340 postmortem
1483 2267 1552 2323 sta-

372 2366 426 2422 tus
444 2358 612 2424 revelatus
627 2359 754 2434 fuerat,
779 2358 1068 2422 susurrationibus
1090 2357 1246 2421 credulus
1262 2375 1377 2419 aurem
1392 2357 1550 2438 praebeti.

373 2457 514 2533 Othoni,
531 2458 695 2521 monacho
711 2457 746 2519 in
763 2457 914 2521 coenobio
932 2457 1046 2522 Sancti
1064 2455 1214 2520 Matthia
1228 2474 1330 2536 prope
1342 2457 1513 2520 Treverim
1525 2462 1549 2532 ¹,

373 2556 543 2632 Conrado,
576 2557 674 2619 fratri
701 2557 916 2620 praedicatori
942 2555 1180 2631 Lovaniensi⁸,
1206 2555 1417 2619 moribundis
1444 2555 1549 2620 adest.

372 2657 543 2731 Mulieres,
563 2662 753 2737 peccatores
771 2675 1015 2737 quoscumque,
1034 2663 1066 2719 et
1078 2657 1168 2735 ipsos
1185 2655 1286 2718 etiam
1301 2656 1548 2728 faeneratoresi,

372 2773 410 2818 ex
428 2754 492 2818 hac
505 2754 573 2816 vita
589 2753 791 2833 migrantes,
812 2754 853 2817 ad
868 2755 1030 2833 agendam
1049 2753 1295 2817 consessionem
1315 2752 1450 2815 adducit
1465 2753 1550 2832 piis-

371 2871 436 2934 que
452 2851 740 2916 exhortationibus
760 2851 962 2915 consolatur.
981 2853 1052 2916 Nec
1073 2851 1197 2913 mirum
1213 2849 1242 2914 si
1257 2849 1399 2912 humani
1415 2839 1549 2929 generis

371 2949 565 3024 inimicum,
583 2968 683 3030 quem
696 2949 900 3030 ubicumque
922 2957 1120 3030 praesentem
1137 2966 1210 3012 esse
1232 2947 1470 3022 arbitrabatur,
1487 2966 1550 3011 sae-

371 3049 448 3128 pius
465 3047 546 3122 sibi,
568 3055 601 3112 et
622 3066 660 3111 eo
680 3048 781 3110 etiam
800 3054 947 3127 tempore
967 3047 1083 3111 adesse
1101 3046 1299 3121 crediderit,
1324 3065 1405 3128 quo,
1422 3046 1549 3111 laboris

373 3145 560 3209 mercedem
583 3152 790 3225 sumpturus,
814 3163 850 3208 se
875 3145 1035 3208 subdivo
1058 3143 1095 3207 in
1114 3144 1263 3224 pomario
1289 3169 1303 3200 α
1333 3143 1376 3206 ad
1393 3161 1549 3207 somnum

371 3243 597 3307 meridianum
614 3267 628 3300 a
646 3242 844 3323 deposuerat
855 3244 891 3304 ¹⁰.

412 3340 573 3403 Thomam
588 3341 624 3402 in
640 3340 824 3404 Brabantia
837 3340 1035 3421 plerumque
1048 3346 1287 3402 commoratum
1299 3355 1373 3402 esse
1388 3338 1546 3411 diximus,

373 3437 552 3519 variasque
575 3437 693 3502 Galliae
718 3437 910 3518 provincias
933 3438 1076 3502 diversis
1102 3436 1310 3516 temporibus
1335 3435 1546 3500 lustravisse.

371 3537 441 3601 Nec
456 3536 569 3600 minus
584 3535 635 3599 illi
651 3542 736 3600 notae
751 3536 974 3600 occidentales
990 3536 1179 3600 Germaniae
1193 3541 1316 3616 partes.
1334 3531 1429 3597 Hanc
1441 3533 1547 3613 regio-

371 3654 448 3698 nem
464 3635 561 3717 quasi
577 3635 716 3699 alteram
731 3635 874 3716 patriam
888 3635 1022 3698 videtur
1036 3634 1206 3709 dilexisse,
1219 3634 1301 3697 adeo
1314 3640 1352 3696 ut
1367 3632 1548 3714 aliquando

345 3743 347 3746 ’
373 3733 494 3798 dixerit
512 3733 602 3798 inter
622 3751 738 3797 omnes
758 3733 855 3798 sedes
875 3732 1194 3813 archiepiscopales,
1214 3739 1288 3812 post
1309 3733 1495 3795 Romanam
1516 3739 1549 3794 et

402 4014 424 4066 l.
442 4019 556 4064 Bonum
572 4015 744 4077 universate,
758 4012 794 4074 ll,
808 4024 877 4075 xxx,
893 4013 918 4064 ³.

398 4091 1498 4157 lffiunmmmmlfflwmwmmmmwmmbmb

400 4176 424 4226 3.
439 4180 552 4226 Bonum
569 4176 732 4242 uniuersale
745 4176 779 4224 de
793 4174 905 4235 apibus,
922 4173 949 4235 1,
965 4185 993 4237 x,
1010 4173 1033 4224 3.

399 4253 618 4318 nmmum

399 4330 575 4396 ammi

399 4411 655 4475 humma&

398 4492 550 4557 amah

399 4569 562 4638 &mast

400 4651 602 4718 amum&

401 4730 628 4796 tbmmmm
