3644 5450
876 667 1037 729 ,21-

374 795 514 858 Lutetiae
538 797 745 860 Parisiorum
767 799 901 862 Thomae
921 799 1189 880 Cantipratensis
1211 800 1297 864 liber
1321 801 1430 864 denuo
1455 796 1545 882 typis

371 891 548 956 mandatus
571 900 636 968 est,
663 894 791 958 scilicet
815 921 828 952 α
848 896 884 958 in
908 897 981 959 vico
1002 897 1116 960 Sancti
1136 897 1254 961 Jacobi
1276 899 1363 976 apud
1385 899 1546 962 Sanctum

371 989 602 1066 Benedictum,
617 992 657 1054 ad
671 992 805 1071 signum
822 993 929 1056 saneti
944 994 1079 1073 Georgii
1095 1015 1128 1068 »3
1143 995 1231 1074 quod
1244 1013 1310 1057 non
1326 1003 1403 1057 ante
1418 1014 1546 1058 annum

339 1085 342 1090 ’
371 1091 482 1153 MDVI
508 1090 580 1151 fieri
606 1091 756 1168 potuisse
781 1092 965 1170 leopoldus
987 1092 1114 1154 Delisle
1139 1111 1245 1171 nuper
1266 1092 1543 1156 demonstravit¹.

371 1186 495 1250 lisdem
515 1195 675 1267 praeterea
694 1189 898 1268 temporibus
920 1190 1005 1251 liber
1021 1190 1095 1262 ille,
1118 1209 1184 1253 non
1200 1191 1271 1271 jorn
1288 1191 1394 1254 doctis
1414 1198 1546 1254 tanturn

370 1283 542 1363 legendus,
560 1287 596 1348 in
614 1287 794 1350 Hollandia
810 1288 878 1361 bis,
899 1308 986 1350 atnno
1003 1289 1158 1351 videlicet
1173 1290 1543 1364 MCCCGLXXXVIII,

370 1389 508 1445 curante
529 1385 627 1446 Petro
644 1402 707 1446 van
728 1387 772 1447 Os
792 1385 827 1445 in
847 1386 930 1447 urbe
950 1384 1108 1459 Zwollo²‚
1131 1404 1286 1466 annoque
1306 1387 1434 1448 MDXV
1456 1386 1546 1464 Lug-

370 1479 453 1543 duni
467 1473 702 1555 Batavorum³,
720 1500 737 1544 e
752 1481 858 1543 latina
874 1481 992 1560 lingua
1007 1482 1042 1543 in
1059 1482 1249 1545 batavicum
1265 1501 1455 1546 sermonem
1469 1502 1546 1546 ver-

370 1597 428 1642 sus
444 1588 505 1642 est.

410 1677 570 1754 Quamvis
586 1686 697 1740 autem
713 1678 847 1741 Thomas
861 1679 948 1741 libor
962 1678 1090 1757 pluries
1102 1679 1173 1760 J‘am
1188 1679 1279 1760 typis
1296 1679 1474 1742 mandatus
1491 1696 1546 1742 es·

371 1781 436 1849 set,
464 1774 500 1836 id
523 1784 632 1838 tamen
657 1794 788 1855 semper
810 1777 852 1839 nd
873 1777 972 1839 iidem
991 1777 1094 1839 nnius
1116 1784 1246 1838 tantum
1272 1775 1395 1839 codicis
1420 1775 1546 1838 factum

369 1873 494 1947 iuerat,
518 1872 565 1934 ita
588 1880 626 1935 nt
649 1893 822 1954 nunqnam
846 1875 957 1937 varias
980 1876 1158 1938 verborum
1179 1877 1320 1947 formas,
1344 1874 1379 1935 in
1402 1873 1546 1936 diversis

369 1970 615 2050 exemplaribus
640 1972 806 2046 inventas,
835 1973 984 2036 interae
1011 1975 1177 2036 conterret
1201 1972 1405 2052 collatasque
1429 1971 1546 2034 lectori

369 2068 531 2146 praeberet
552 2069 670 2133 editor.
693 2071 812 2150 Operis
832 2090 911 2134 vero
931 2072 1112 2134 editionem
1136 2071 1288 2134 criticam
1311 2071 1390 2133 dare
1416 2070 1545 2149 primus

371 2173 611 2244 aggressusest
626 2168 790 2246 Georgius
805 2167 1036 2240 Colvenerius,
1053 2168 1229 2246 theologia
1244 2169 1367 2241 doctor,
1383 2167 1545 2248 ejusdem-

371 2281 436 2344 que
451 2263 601 2327 scientiae
613 2264 649 2326 in
668 2265 839 2328 academia
853 2266 1022 2328 Duacensi
1036 2267 1216 2345 professor,
1235 2284 1254 2328 a
1269 2285 1335 2346 quo
1346 2268 1464 2354 lienem
1474 2268 1549 2325 eni-

371 2365 487 2424 versole
513 2363 548 2424 de
578 2365 687 2442 opibus
716 2371 780 2438 tor,
811 2364 909 2426 annis
942 2363 1099 2430 videlicet
1125 2363 1333 2438 MDXCVlI,
1367 2364 1488 2427 MDCV
1517 2370 1550 2425 et

372 2462 594 2526 MDCXXVII
612 2463 701 2542 typis
723 2463 916 2524 mandatum
937 2469 998 2524 est.
1016 2465 1066 2525 Ne
1081 2480 1160 2525 vero
1182 2461 1222 2524 de
1239 2461 1369 2524 duabus
1390 2461 1461 2524 illis
1478 2461 1550 2524 edi-

372 2559 520 2623 tionibus
533 2560 721 2640 loqunmur,
734 2580 808 2640 qnte
820 2560 966 2639 primum
978 2579 1016 2622 oo
1029 2567 1168 2622 curante
1181 2558 1388 2638 prodierunt,
1403 2559 1548 2633 tertiam,

372 2674 460 2718 anno
476 2658 678 2722 MDCXXVI
684 2661 698 2720 Ι
709 2659 831 2730 detrun,
850 2677 1012 2720 ramesse
1028 2659 1241 2730 arbitramur,
1257 2675 1330 2736 qute
1346 2657 1387 2718 ad
1402 2675 1549 2734 praesens

369 2752 487 2814 lectori
502 2753 663 2828 sufficiat;
681 2773 782 2834 qnam
797 2761 833 2816 nt
850 2755 1027 2816 conficeret
1041 2753 1273 2824 Colvenerius‚
1293 2759 1361 2814 tarn
1377 2752 1548 2815 codicibus

371 2849 474 2910 variis
492 2869 593 2929 quani
608 2850 813 2912 editionibus
836 2851 985 2930 antiquis
1006 2858 1169 2929 quantuni
1186 2850 1251 2910 sibi
1269 2849 1366 2910 licuit
1381 2868 1463 2910 usus
1480 2857 1546 2921 est,

370 2945 410 3008 de
427 2945 497 3008 vita
514 2953 546 3008 et
567 2946 702 3026 scriptis
720 2947 855 3010 Thomae
874 2946 1142 3026 Cantipratensis
1162 2947 1257 3008 docte
1277 2947 1465 3019 disserena,
1490 2965 1550 3007 va-

370 3042 506 3123 riasque
520 3051 673 3107 veterum
688 3052 860 3108 auctorum
876 3047 916 3108 de
931 3045 1058 3107 Thoma
1076 3044 1279 3118 sententias,
1297 3051 1330 3106 et
1345 3043 1547 3122 scriptorum

370 3139 517 3214 illorum,
535 3141 594 3221 qui
609 3142 650 3204 ab
666 3160 704 3204 eo
717 3143 874 3215 citantur,
893 3143 1031 3204 nomina
1047 3142 1083 3203 in
1102 3161 1207 3204 unum
1224 3159 1345 3219 cogens
1359 3162 1365 3215 ;
1383 3141 1442 3221 qui
1458 3159 1548 3202 com-

373 3238 576 3300 mentarium
590 3239 739 3318 insuper,
756 3240 809 3302 vel
825 3240 935 3319 potius
951 3239 1083 3317 longam
1095 3240 1348 3301 adnotationum
1364 3238 1497 3310 seriem,
1513 3237 1549 3297 in

373 3333 439 3396 fine
454 3334 533 3395 libri
550 3335 652 3397 dedit.
673 3338 741 3396 Hae
757 3355 817 3398 nos
835 3336 1000 3409 editione,
1020 3354 1095 3398 curn
1111 3335 1251 3397 cuilibet
1264 3335 1301 3395 in
1317 3340 1470 3413 promptu
1487 3332 1548 3405 sit,

374 3431 649 3514 quotiescumque
661 3434 754 3495 varia
770 3433 880 3512 operis
895 3434 968 3496 loca
983 3434 1079 3496 nobis
1095 3433 1229 3496 citanda
1242 3433 1385 3506 inerint,
1403 3439 1549 3504 utentur,

374 3547 412 3592 en
428 3549 467 3593 ea
483 3538 549 3592 tam
566 3532 786 3611 capitulorum
803 3551 904 3612 qnam
921 3532 1161 3611 particularum
1177 3549 1335 3593 numeros
1351 3529 1463 3592 daturi
1474 3533 1497 3589 ⁴.

414 3627 512 3690 Anno
531 3628 665 3691 deinum
680 3630 799 3692 MDCL
813 3629 1013 3692 Vincentius
1029 3629 1177 3701 Willart,
1196 3628 1443 3701 Atrebatensis,
1462 3627 1552 3689 ordl-

347 3727 348 3730 ’
376 3725 496 3806 nisque
522 3727 780 3789 Prtedieatorunr
806 3728 925 3802 irater,
948 3731 1067 3789 Bouron
1089 3729 1265 3788 ttaivrrsotr
1290 3726 1331 3789 ab
1361 3727 1491 3803 integro
1516 3725 1551 3786 in

376 3823 531 3902 gallicam
543 3823 694 3903 linguam
711 3826 843 3889 vertit⁵.
864 3827 944 3888 llam
961 3845 1040 3889 vero
1058 3825 1312 3888 translationem
1327 3843 1430 3886 manu
1446 3824 1552 3903 scrip-

409 4104 430 4155 ί.
447 4102 571 4166 Ldopold
588 4102 701 4166 Dolislo,
715 4107 838 4154 decernat
855 4107 904 4154 des
919 4109 1046 4163 sanante,
1063 4105 1117 4153 mai
1133 4103 1201 4164 teet,
1218 4119 1244 4168 p.
1260 4102 1323 4165 26&
1339 4106 1489 4166 celatoque
1504 4105 1554 4152 des

376 4186 545 4234 lacunabtea
561 4187 595 4232 ele
612 4186 637 4232 lu
654 4186 841 4244 bibliotheque
856 4187 1007 4234 lictoriae.

406 4263 879 4326 immmmffiwmmfflst

407 4343 617 4406 &mmmm

408 4425 431 4476 l.
447 4425 585 4488 Georglus
598 4425 791 4483 colvenerius.
810 4429 921 4476 Tbomm
937 4428 1145 4487 centimolum,
1161 4441 1184 4476 a.
1201 4427 1345 4486 ttreoloqiae
1359 4425 1493 4484 doctorls,
1506 4437 1554 4472 or-

376 4509 455 4558 dinis
470 4508 711 4568 Prsedicalorutn,
728 4513 752 4558 et
768 4510 894 4570 episcopi
918 4510 1094 4569 sieffrupanei
1116 4509 1331 4557 Cerneraeausis
1352 4511 1463 4555 botrum
1488 4507 1556 4554 unl-

375 4586 1412 4652 mmmewamwsbmm‚mtssmfflwffiobfflmmbfldwmlfflt

407 4667 1556 4730 bammumwmmumammwwmwmstnmwmdmwrww

377 4761 439 4796 mas
450 4750 484 4795 de
495 4749 669 4807 caninum-t,
682 4752 746 4810 cte,
755 4747 905 4797 tradultdu
921 4748 989 4797 latin
1001 4762 1050 4812 por
1062 4749 1093 4799 n.
1110 4748 1139 4798 Ρ.
1153 4745 1226 4796 lrdro
1235 4747 1356 4797 Vincunt
1367 4742 1487 4808 Willart,
1501 4749 1554 4796 otc.

378 4825 533 4890 Bruxellos,
551 4825 619 4887 teto,
637 4825 718 4876 in-t·.
