3644 5450
836 597 998 659 ..42-

376 728 489 792 Fratri
506 728 656 794 Johanni
677 729 717 792 de
733 729 998 793 Wildeshausen
1016 729 1053 792 in
1074 747 1204 792 summo
1223 727 1352 792 ordinis
1371 745 1511 791 munere

338 825 500 889 successit
513 825 719 888 Humhertus
734 826 809 902 ille,
829 827 883 889 cui
897 826 984 889 liher
998 827 1038 888 de
1053 826 1181 906 Apibus
1203 825 1244 888 ah
1269 811 1403 888 auctore
1417 823 1517 886 dedi-

336 929 430 985 catus
445 930 512 996 est,
530 940 597 984 non
612 923 816 998 minorihus
834 932 871 986 ut
886 924 996 998 aiunt,
1015 924 1196 987 virtutihus
1211 923 1369 1002 insignis.
1382 921 1445 986 Vix
1460 929 1511 984 ta-

335 1020 1509 1103 menThommoredereaudeamus,refer-entiquosdemecardinnlihus,

335 1137 373 1182 eo
389 1126 537 1199 tempore
553 1138 618 1199 quo
640 1122 857 1184 Innocentius
874 1123 1019 1198 Quartus
1037 1123 1078 1184 ad
1096 1140 1263 1184 summum
1281 1121 1511 1200 pontificatum

336 1217 1510 1299 pmmwmmmHmfflmmmstmemememmMmmmmm

334 1315 587 1393 provincialem,
605 1315 640 1374 in
657 1334 774 1394 papam
791 1316 982 1394 eligendum
997 1317 1169 1378 censuisse
1182 1324 1200 1374 ¹.

375 1413 415 1473 In
430 1411 547 1474 ordine
563 1412 834 1486 Praedicatorum,
853 1431 890 1475 eo
904 1420 1063 1491 tempore,
1079 1421 1125 1474 tot
1138 1413 1202 1473 viri
1213 1413 1343 1474 meritis
1354 1413 1511 1490 famaque

334 1507 486 1588 praeclari
500 1507 653 1582 floruere,
671 1517 707 1572 ut
723 1528 778 1572 eos
789 1528 916 1585 omnes,
934 1512 992 1590 qui
1009 1529 1027 1572 a
1042 1511 1168 1572 Thema
1182 1509 1432 1589 Cantipratensi
1443 1507 1511 1571 lau·

335 1606 404 1669 dati
424 1613 513 1681 sunt,
539 1625 579 1669 ne
602 1608 776 1670 nominare
800 1608 935 1688 quidem
962 1609 1059 1672 nohis
1082 1607 1192 1672 liceat.
1218 1611 1266 1671 De
1287 1606 1513 1670 adulescentia

335 1704 425 1768 beati
442 1705 576 1768 Thomas
588 1706 768 1786 Aquinatis
784 1707 934 1786 quaedam
948 1707 1037 1770 lectu
1050 1709 1151 1787 digna
1165 1707 1299 1787 scripsit
1311 1699 1339 1782 ²;
1359 1707 1398 1769 de
1410 1705 1513 1768 altero

337 1820 469 1884 quoque
486 1804 679 1879 Dominieo,
702 1804 792 1867 heati
811 1807 980 1868 Dominiei
998 1807 1104 1881 socio,
1122 1806 1198 1880 hoc,
1219 1805 1354 1868 aliunde
1368 1805 1438 1885 jam
1454 1821 1514 1866 no·

337 1908 419 1976 tum,
438 1902 605 1977 narravit,
627 1902 750 1983 quoda
770 1904 913 1983 quadam
932 1905 1107 1966 meretrice
1124 1905 1165 1966 ad
1182 1905 1285 1966 vetita
1300 1903 1421 1982 gaudia
1437 1921 1514 1982 pro-

337 2007 490 2075 vocatus,
507 1999 543 2061 in
559 2001 719 2064 carbones
736 2001 905 2076 ardentm,
926 2003 1021 2065 humi
1037 2010 1175 2078 stratos,
1196 2021 1231 2065 se
1250 2002 1441 2084 projecerit,
1463 2001 1515 2062 di-

341 2114 421 2160 eens
438 2117 445 2158 :
465 2122 479 2154 ι
496 2099 580 2161 Ecce
594 2098 701 2162 lectus
718 2099 775 2161 tali
793 2117 890 2179 opere
912 2101 1051 2178 dignus:
1069 2100 1124 2161 hie
1140 2100 1224 2162 culta
1243 2117 1389 2175 mecum;
1411 2099 1515 2161 alium

341 2219 354 2250 α
382 2213 448 2257 non
468 2195 646 2259 habehisi.
669 2221 683 2252 ι)
707 2200 856 2261 Mortuos
881 2217 1021 2261 numero
1043 2206 1168 2278 septem
1193 2217 1212 2260 a
1233 2201 1337 2260 fratre
1360 2196 1515 2262 iohanne

339 2292 519 2356 Vicentino
541 2294 583 2354 ad
602 2294 705 2355 vitam
721 2305 890 2357 revocatos
907 2313 980 2358 esse
995 2296 1110 2357 retulit
1122 2299 1146 2370 ⁴3
1167 2315 1228 2358 nec
1244 2295 1335 2357 solus
1350 2295 1414 2356 iuit
1429 2293 1516 2356 Tho-

341 2407 413 2451 mas
429 2391 557 2468 quires
572 2393 676 2454 miras
692 2411 712 2454 a
726 2393 798 2455 viro
820 2402 929 2472 gestas
948 2394 1112 2467 erederet,
1131 2413 1206 2456 eum
1222 2392 1386 2467 iohanni,
1406 2393 1516 2454 Bono-

343 2487 434 2548 niam
465 2489 626 2563 venienti‚
659 2498 832 2569 magnates
856 2491 1054 2572 plebemque
1080 2492 1266 2554 occurrisse
1291 2491 1390 2564 dieat,
1418 2513 1432 2545 κ
1458 2491 1516 2569 qui

340 2584 529 2648 nescientes
545 2586 673 2666 aliquid
683 2588 820 2668 maJoris
834 2589 970 2650 honoris
986 2590 1190 2668 impendere,
1207 2607 1356 2668 pannum
1372 2589 1517 2651 sericum

339 2682 376 2744 in
392 2690 535 2762 quatuor
552 2683 660 2746 hastis
676 2703 777 2764 supra
793 2693 946 2747 sanctum
961 2686 1071 2748 virum
1090 2687 1125 2747 in
1145 2705 1267 2765 niagno
1288 2686 1398 2748 laudis
1410 2684 1517 2765 jubilo

343 2779 571 2860 deportabant.
592 2807 605 2837 u
623 2782 708 2846 Cum
724 2790 835 2846 autem
851 2785 1012 2862 Gregorio
1023 2785 1121 2847 Nono
1136 2785 1328 2846 nuntiatum
1344 2791 1432 2846 esset
1448 2783 1517 2844 fra-

343 2885 428 2940 trem
445 2878 636 2943 Johannem
651 2899 687 2943 se
702 2880 977 2960 p1¹0apostolieo⁵
993 2900 1119 2960 gerere,
1137 2907 1150 2938 ι
1166 2883 1224 2962 qui
1238 2900 1322 2962 equo
1335 2881 1410 2944 albo
1425 2881 1517 2944 inee-

343 2976 452 3051 deret‚
475 2984 507 3040 et
528 2996 678 3058 superse
695 2998 845 3058 pannum
861 2981 1005 3042 sericum
1022 2981 1146 3044 iaceret
1164 2981 1346 3060 deportari,
1368 2981 1465 3062 »jam
1480 2979 1517 3041 in

341 3092 380 3138 eo
397 3074 504 3139 luisse
519 3095 638 3156 papam
655 3079 776 3141 asserit
796 3087 919 3154 noster,
942 3087 979 3141 ut
999 3079 1376 3142 excommunicationem
1392 3079 1429 3140 in
1446 3095 1517 3140 mo-

342 3171 488 3263 nachum
504 3174 641 3239 sceleris
656 3195 751 3240 reum
766 3179 947 3257 proferret3
970 3196 1045 3239 mox
1061 3196 1138 3240 vero
1154 3178 1314 3240 suadente
1332 3177 1518 3238 Mutinensi

341 3271 495 3351 episcopo
506 3289 584 3352 erga
598 3276 619 3336 J
621 3273 788 3336 ohannem
804 3275 885 3337 adeo
898 3276 1071 3353 mitigatus
1085 3284 1145 3349 est,
1164 3284 1201 3337 ut
1219 3294 1238 3336 a
1251 3274 1401 3348 lacrimis
1413 3275 1515 3336 etiam

342 3385 409 3429 non
424 3376 625 3448 temperaret
635 3376 660 3431 ⁶.
1393 3390 1397 3396 ’

382 3465 431 3528 De
448 3465 585 3528 Alherto
605 3469 736 3546 Magno,
754 3469 914 3547 magistro
934 3488 1008 3544 suo,
1031 3469 1192 3548 scriptore
1211 3469 1337 3530 illustri
1354 3468 1469 3531 eodem
1484 3476 1517 3530 et

343 3562 472 3625 ordinis
495 3564 752 3627 Praedieatorum
773 3575 1033 3646 propugnatore,
1050 3567 1194 3628 Thomas
1210 3584 1312 3645 saepe,
1329 3573 1362 3628 et
1377 3584 1443 3646 qua
1457 3583 1516 3644 par

343 3667 415 3723 erat
444 3661 610 3737 amicitia,
634 3663 832 3739 disseruit⁷;
855 3665 895 3726 ah
918 3665 1063 3727 Henrico
1089 3665 1289 3739 Teutonico,
1317 3664 1357 3726 de
1378 3663 1517 3727 Colonia

345 3759 444 3834 dicto,
462 3778 498 3823 se
514 3779 563 3836 ea,
579 3779 652 3841 quae
667 3769 792 3838 narrat,
810 3763 1012 3842 comperisse
1030 3764 1150 3842 saepius
1166 3763 1279 3838 dicitt,
1297 3781 1396 3843 quem
1413 3770 1463 3826 ter
1479 3763 1516 3824 in

378 3965 400 4019 t.
416 3964 451 4027 11,
465 3975 534 4027 nvn,
548 3965 587 4015 60.

374 4049 398 4102 i.
415 4049 437 4113 1,
453 4060 501 4109 xx,
520 4046 556 4098 to.

375 4130 398 4182 3.
415 4130 451 4193 ΙΙ,
466 4140 536 4190 m,
551 4129 590 4180 ts.
606 4129 647 4180 De
663 4129 715 4180 hoc
730 4129 795 4181 ride
809 4129 943 4195 Stephani
956 4129 991 4180 do
1004 4130 1159 4181 Salanhaeo
1169 4130 1270 4179 librum
1284 4129 1365 4194 (Bibl.
1376 4133 1444 4192 nat,
1454 4127 1516 4180 cod.

343 4213 392 4262 lat.
408 4211 483 4270 5486,
503 4225 530 4274 p.
549 4210 597 4273 66).
614 4209 688 4274 Hoc,
706 4211 781 4274 quod
800 4225 834 4261 oo
849 4213 911 4262 loco
926 4211 961 4261 de
979 4212 1063 4260 fratre
1080 4209 1227 4261 Dominieo
1246 4211 1369 4262 narravit
1383 4209 1516 4272 Thomas,

345 4289 417 4344 varii
435 4293 566 4340 auctores
584 4291 628 4340 vel
645 4290 794 4340 abeodem
813 4291 857 4342 vel
879 4293 913 4340 ab
933 4291 988 4340 alio
1008 4291 1110 4341 iactum
1125 4291 1249 4340 referunt
1269 4290 1342 4354 (vido
1359 4287 1518 4344 colvenerii
1597 4321 1622 4338 ..

344 4370 548 4431 adnotationes,
564 4385 590 4434 p.
608 4371 656 4433 97).

375 4451 399 4502 l.
415 4451 450 4512 11,
463 4463 483 4512 1,
500 4450 523 4502 3.

376 4534 399 4584 5.
415 4532 447 4582 ld
462 4535 518 4595 est,
532 4545 583 4597 pro
598 4546 678 4598 pape.

375 4614 399 4667 6.
415 4612 450 4676 11,
465 4625 485 4675 1,
500 4613 555 4666 3-5.

374 4695 399 4746 i.
415 4692 437 4757 1,
452 4704 501 4758 xx,
518 4693 561 4756 10;
577 4692 613 4754 11,
627 4705 655 4756 x,
669 4693 761 4757 23-26;
776 4695 810 4756 11,
827 4706 864 4760 nt,
883 4695 925 4758 113
940 4695 976 4758 11,
989 4707 1058 4762 uvir,
1073 4695 1111 4758 18,
1126 4694 1165 4759 ll,
1182 4694 1220 4758 il,
1236 4695 1275 4747 50.

375 4773 399 4827 8.
414 4773 436 4839 1,
448 4785 508 4834 xix.
522 4772 536 4824 3
542 4785 550 4836 ;
568 4771 604 4838 ΙΙ,
620 4783 688 4836 nvn,
703 4773 744 4840 29,
759 4778 811 4828 eto.
