3644 5450
873 575 1031 635 ..52-

365 705 632 786 Cantipratensis
652 703 800 778 nullum,
821 712 858 764 ut
881 703 1068 781 opinamur,
1092 703 1193 779 vidit3
1221 721 1282 766 nee
1303 711 1415 768 tamen
1439 708 1539 770 omit-

365 802 464 866 tenda
479 809 557 865 sunt
569 819 609 864 ea
626 817 699 882 quae
713 799 753 862 de
768 799 849 872 illis,
869 799 968 862 solita
982 817 1064 862 usus
1080 799 1309 876 vehementia,
1327 802 1536 882 conseripsit.

363 901 551 964 Ilonorium
572 898 722 962 Tertium
735 900 756 973 ¹,
781 897 980 976 Gregorium
1000 899 1168 972 Nonum2,
1193 897 1420 962 Alexandrum
1436 901 1539 976 Quar-

363 1006 434 1061 tum
444 1002 467 1074 ³,
485 997 544 1078 qui
559 1005 606 1058 tot
621 1003 779 1076 tantaque
794 995 830 1056 in
843 995 995 1057 ordinem
1011 995 1269 1058 Praedieatorum
1281 996 1445 1060 beneficia
1458 1015 1538 1060 eon-

363 1097 529 1170 tulerunt,
547 1095 671 1158 talibus
690 1093 802 1156 verbis
827 1094 946 1156 extulit
967 1101 1019 1168 ut,
1043 1095 1101 1156 ubi
1118 1094 1157 1158 de
1175 1094 1244 1158 illis
1261 1095 1420 1176 loquitur,
1440 1097 1538 1177 quasi

362 1213 433 1257 rem
448 1193 616 1273 propriam
636 1191 790 1254 videatur
807 1209 916 1268 agere.
939 1192 1034 1266 Quod
1053 1192 1174 1272 siquis
1195 1194 1400 1271 reputaverit
1414 1196 1536 1258 fratres

363 1291 600 1353 praedicatores
620 1296 652 1351 et
674 1288 822 1348 Minores
843 1286 999 1348 tteelesiae
1020 1291 1178 1351 Romame
1193 1297 1308 1352 contra
1323 1291 1536 1354 Fredericum

361 1387 567 1458 Secundum,
595 1384 811 1463 pontificante
833 1385 1030 1473 Innocentio
1053 1386 1189 1460 Quarto,
1213 1385 1403 1448 incredibili
1425 1388 1536 1449 studio

360 1483 576 1556 militavisse,
594 1483 679 1544 forte
696 1481 808 1543 credat
822 1481 857 1540 id
872 1483 946 1542 lieri
962 1483 1118 1545 debuisse
1135 1491 1170 1544 ut
1188 1484 1322 1546 easdem
1338 1487 1535 1548 Innocentio

361 1589 485 1656 noster,
501 1599 584 1660 quas
600 1580 731 1653 ceteris,
746 1579 862 1640 laudes
880 1579 1052 1642 tribueret.
1064 1581 1127 1643 Cui
1139 1589 1248 1643 tamen
1264 1598 1436 1660 nunquam
1448 1582 1535 1644 Tho-

361 1699 432 1742 mas
454 1677 695 1757 ignoscendum
722 1695 795 1740 esse
818 1676 958 1738 eredidit
981 1679 1085 1757 quod,
1110 1687 1255 1741 extremo
1276 1679 1352 1742 vitae
1375 1687 1532 1758 tempore,

359 1780 481 1840 fratres
496 1776 755 1848 Praedicator-ee,
774 1783 889 1836 contra
908 1775 1172 1838 Universitatem
1189 1777 1416 1841 parisiensem
1435 1779 1534 1840 dimi-

360 1883 485 1948 cantes,
503 1858 575 1936 non'
586 1875 622 1934 11
637 1873 794 1934 omnibus
809 1873 1051 1952 approbaverit.

400 1977 440 2038 111
459 1975 535 2037 ideo
554 1974 638 2035 sorte
660 1971 755 2033 illum
778 1971 954 2034 delectavit
969 1973 1070 2035 verba
1084 1973 1227 2052 posteris
1244 1974 1389 2048 tradere,
1411 1973 1533 2054 qrtibus

359 2073 540 2147 Guiardus,
553 2070 807 2135 Cameracensis
820 2071 1006 2149 episcopus
1021 2089 1136 2140 coram,
1148 2072 1345 2134 Innocentio
1358 2073 1482 2148 Quarto
1497 2073 1532 2134 in

358 2169 578 2251 Lugdunensi
598 2169 692 2231 curia
715 2169 864 2248 profiteri
884 2187 949 2230 non
975 2169 1155 2243 dubitavit,
1174 2171 1209 2230 id
1230 2171 1304 2232 fieri
1323 2189 1420 2251 posse
1440 2172 1532 2236 otiu

358 2271 538 2334 simoniam
562 2269 634 2347 ipse
655 2285 805 2330 summus
824 2267 974 2346 pontifex
999 2269 1161 2330 ineidat⁴.
1188 2269 1253 2332 Sed
1278 2270 1382 2332 1111110
1408 2271 1532 2351 majore

358 2369 514 2443 audacia,
532 2367 584 2429 vel
606 2365 717 2444 potius
737 2366 952 2444 procacitate,
974 2366 1010 2426 in
1032 2367 1185 2428 1111111111
1204 2386 1339 2446 papam,
1354 2369 1423 2448 jaun
1443 2388 1531 2430 mor-

358 2477 470 2542 tuum,
488 2485 527 2530 eo
544 2464 728 2527 insurrexit
744 2463 845 2544 quod,
866 2465 952 2526 datis
971 2465 1172 2544 quibusdam
1186 2465 1319 2541 litteris,
1338 2467 1531 2546 privilegio-

355 2586 430 2630 rum
445 2563 725 2630 Prtedioatoribus
741 2581 975 2626 concessorum
995 2564 1240 2644 aliquantulum
1257 2567 1431 2628 immemor
1448 2568 1531 2630 iuis-

356 2673 406 2728 set
432 2685 439 2725 :
470 2691 483 2720 1
515 2664 659 2739 Quidam
688 2669 801 2723 nostro
825 2669 973 2740 tempore
1003 2682 1101 2741 papa,
1128 2664 1223 2742 cujus
1253 2682 1372 2726 nomen
1398 2674 1531 2744 propter

355 2764 484 2826 Sanctae
500 2762 596 2824 Sedis
612 2760 835 2821 reverentiam
851 2760 986 2822 silentio
1001 2761 1261 2838 pertransimus,
1279 2779 1370 2834 01111,
1388 2763 1474 2824 sicut
1488 2764 1529 2824 ab

353 2859 423 2922 illis
438 2857 669 2919 Indubitanter
688 2857 894 2935 accepImns,
912 2856 971 2934 qui
993 2859 1106 2918 Romae
1125 2857 1159 2916 in
1177 2858 1271 2918 curia
1286 2865 1364 2919 tunc
1379 2860 1526 2934 fuerunt,

296 2979 298 2981 ¹
351 2957 481 3019 litteras
505 2955 652 3016 dedisset
667 2961 783 3014 contra
797 2952 974 3030 privilegia
996 2971 1015 3014 a
1035 2954 1145 3032 seipso
1167 2962 1199 3017 et
1218 2955 1290 3016 suis
1307 2956 1529 3033 praedecesso-

352 3054 462 3126 ribus,
487 3061 630 3132 quatuor
653 3049 855 3128 apostolicis,
880 3051 1015 3112 obtenta
1036 3050 1178 3112 duorum
1198 3052 1392 3114 ordinum...
1414 3054 1527 3116 eadem

353 3151 406 3212 die
428 3149 576 3230 paralysi
599 3165 778 3226 percussus
800 3147 982 3222 obmutuit,
1006 3165 1068 3210 neo
1088 3167 1237 3228 unquam
1252 3157 1367 3228 postea
1386 3149 1529 3213 invaluit

353 3254 410 3310 aut
426 3247 582 3310 surrexit.
600 3247 664 3321 Qui
681 3246 782 3307 etiam
798 3245 975 3326 aquodam
991 3246 1205 3308 sanctissimo
1217 3247 1289 3308 viro
1307 3254 1526 3310 extramuros

351 3345 446 3408 urbis
465 3348 578 3407 Itomae
599 3344 876 3406 manifestissime
892 3345 985 3406 visus
1002 3351 1052 3406 est
1070 3350 1221 3406 mortuus
1236 3344 1309 3405 dari
1324 3346 1450 3408 sanctis
1465 3346 1527 3408 Dei

351 3443 530 3506 Franciseo
550 3450 649 3521 atque
665 3442 840 3504 Dominico
854 3440 1057 3522 judicandus
1069 3445 1092 3500 ⁵.
1112 3466 1125 3497 1

393 3541 521 3621 Ecquid
543 3539 603 3600 illa
627 3540 844 3614 contumelia,
863 3540 985 3603 summi
1004 3539 1172 3618 pontificis
1193 3542 1361 3604 memoriae
1383 3561 1402 3604 a
1423 3544 1526 3606 fratre

351 3641 572 3702 Praedicatoro
592 3639 702 3708 illata,
720 3638 971 3718 impudentius?
984 3637 1046 3702 Vel
1062 3639 1138 3718 quis
1158 3657 1225 3702 non
1248 3641 1393 3704 fateatur
1411 3651 1524 3704 aucto·

350 3753 421 3798 rem
437 3736 506 3797 lraec
520 3737 686 3798 dicentem
696 3736 825 3799 ordinis
841 3737 894 3799 sui
907 3738 1004 3798 famae
1014 3755 1131 3814 parum
1147 3737 1333 3816 providisse
1343 3740 1357 3798 ‘i
1369 3741 1452 3802 Nam
1467 3758 1526 3818 per

351 3841 452 3894 totam
462 3835 559 3913 quasi
573 3835 674 3896 vitam
688 3835 850 3897 fratribus
864 3835 1095 3898 Dominieanis
1108 3853 1272 3897 summam
1283 3836 1524 3914 benignitatem

349 3931 540 3993 ostenderet
564 3934 783 3996 Innocentius
802 3935 964 4009 Quartus,
985 3941 1017 3995 et
1037 3933 1259 3998 nihilominus
1283 3953 1302 3997 1
1325 3935 1525 4014 quibusdam

282 4089 286 4095 .
349 4028 529 4108 allegatum
549 4037 600 4092 est
625 4030 702 4094 illos
726 4049 764 4093 eo
788 4039 918 4094 mortuo
945 4049 964 4094 a
987 4031 1122 4111 publica
1145 4033 1390 4115 manifestaque
1409 4033 1525 4097 laetitia

348 4146 415 4190 non
431 4129 637 4193 abstinuisse
647 4136 672 4191 ⁶.
1394 4135 1397 4143 ’

380 4349 401 4401 l.
418 4349 453 4413 11,
469 4361 538 4411 ivn,
553 4349 592 4400 13.

377 4429 741 4494 ἳ.1,1111,8;11,11111,11.

378 4511 400 4561 3.
420 4511 455 4574 11,
471 4523 498 4572 x,
514 4511 594 4564 1113.

368 4591 401 4644 l.
417 4592 453 4653 II,
469 4604 512 4656 nr,
529 4595 552 4643 5.

378 4675 401 4723 5.
417 4672 493 4734 11,11,
509 4671 548 4722 at.

377 4752 400 4799 d.
418 4753 540 4800 llistolre
557 4753 694 4800 1111111111
709 4756 743 4800 do
760 4756 785 4800 la
802 4757 917 4815 Franco,
932 4760 950 4804 t.
969 4754 1042 4811 xix.
1059 4771 1085 4817 p.
1106 4756 1155 4804 tao.
