3644 5450
866 711 1007 772 ..p-

392 847 525 908 Interea
538 845 683 908 Thomas
698 843 966 925 Cantipratensis
981 843 1148 907 Lutetiam
1167 840 1393 918 Parisiorum,
1410 831 1526 923 acqui-

350 944 462 1006 rendae
485 941 600 1023 procul
625 942 727 1005 dubio
751 941 910 1004 doctrinae
936 960 1038 1005 causa
1061 941 1218 1017 mittitur,
1245 940 1305 1002 ubi
1329 939 1446 1002 inclita
1465 939 1525 1002 illa

351 1061 451 1123 prope
472 1042 642 1105 civitatem
671 1042 706 1103 in
730 1041 803 1104 vico
831 1041 944 1105 Sancti
968 1041 1085 1106 Jacobi
1108 1041 1245 1105 florebat
1267 1040 1526 1105 praedicatorum

352 1141 485 1217 domus,
507 1139 596 1204 unde
623 1149 716 1205 tanta
740 1141 776 1202 in
802 1160 927 1205 novum
947 1142 1098 1206 ordinem
1123 1140 1272 1204 scientiae
1297 1140 1526 1222 virtutumque

324 1239 459 1323 ¹'gloria
479 1239 690 1301 redundavit.
707 1241 803 1301 Hanc
821 1241 970 1318 prolecto
990 1257 1077 1301 anno
1095 1238 1136 1300 ab
1151 1237 1383 1299 incarnatione
1398 1236 1527 1300 Christi

352 1335 623 1400 MCCXXXVIII
642 1335 783 1398 incoluit
796 1339 818 1411 ¹,
836 1355 902 1416 quo
917 1335 1059 1399 celebris
1077 1337 1117 1398 de
1135 1335 1327 1414 pluralitate
1346 1333 1527 1397 beneficio·

351 1449 426 1492 rum
443 1432 624 1510 disputatio
640 1432 780 1494 Lutetiae
799 1432 918 1494 habuit
932 1432 1061 1508 locum;
1080 1432 1221 1494 necdum
1238 1449 1292 1506 ea,
1314 1437 1350 1492 ut
1370 1437 1525 1506 testatur,

354 1546 443 1590 anno
457 1527 696 1592 MCCXXXIX
710 1529 764 1590 vel
774 1528 876 1591 etiam
888 1529 1037 1593 MCCXL
1050 1535 1237 1591 excesserat
1248 1527 1343 1602 urbe,
1358 1528 1416 1608 qui
1429 1545 1465 1590 se
1477 1527 1527 1589 ibi

353 1633 433 1687 tunc
448 1633 688 1686 commoratum
701 1643 775 1688 esse
787 1626 901 1699 refert,
921 1644 997 1687 cum
1011 1626 1100 1689 inter
1115 1625 1318 1687 christianos
1331 1625 1482 1687 doctores
1495 1632 1528 1688 et

353 1723 546 1786 iudaeorum
566 1722 746 1800 magistros
772 1722 811 1785 de
836 1723 1070 1786 comburendis
1093 1722 1213 1784 borum
1231 1720 1331 1784 libris
1359 1721 1528 1800 litigatum

355 1818 433 1881 site
454 1820 524 1879 Hoc
540 1818 640 1880 etiam
656 1824 689 1879 et
705 1816 777 1879 loco
795 1824 827 1880 et
844 1825 991 1897 tempore
1011 1819 1211 1898 magistrum
1232 1819 1322 1881 fama
1340 1817 1527 1896 insignem,

355 1919 435 1975 tunc
450 1912 600 1976 solennis
615 1912 764 1976 ecclesiae
778 1915 993 1994 praepositum
1005 1923 1037 1978 et
1046 1923 1162 1996 postea
1174 1917 1332 1977 Romanae
1347 1913 1448 1975 euriae
1460 1931 1529 1975 car-

355 2010 513 2086 dinalem,
531 2010 735 2074 familiarem
752 2010 865 2086 coluit,
883 2029 982 2093 quem
997 2014 1135 2076 Petrum
1149 2013 1189 2075 de
1204 2010 1407 2075 Collemedio
1422 2010 1529 2074 luisse

356 2116 445 2172 recte
467 2109 684 2171 arbitrantur.
708 2111 807 2173 Hune
833 2110 922 2172 inter
944 2110 1129 2191 praecipuos
1157 2109 1367 2189 negotiorum
1392 2126 1529 2171 suorum

357 2213 527 2268 curatores
550 2205 700 2269 Ecclesia
718 2209 870 2269 Romana
886 2206 985 2286 longo
1001 2207 1120 2269 habuit
1135 2214 1300 2288 tempore,
1325 2207 1404 2268 dum
1425 2207 1529 2269 variis

357 2303 555 2367 muneribus
575 2311 607 2367 et
627 2302 853 2383 legationibus
874 2307 1028 2384 fungitur
1051 2306 1086 2366 in
1112 2305 1253 2368 ecclesia
1277 2305 1391 2368 Sancti
1417 2304 1531 2366 Audo-

357 2401 444 2463 mari
466 2402 692 2481 praepositnm,
714 2409 829 2482 postea
847 2405 1125 2482 Rotomagensem
1148 2402 1435 2482 archiepiscopum
1456 2419 1531 2464 car-

357 2498 571 2580 dinalemque
597 2499 824 2564 Albanensem
841 2503 863 2562 ³.
895 2500 1036 2566 lection
1068 2502 1155 2582 apud
1185 2501 1423 2565 Praedicatores
1452 2519 1530 2564 suos

357 2597 584 2676 hospitaretur
598 2597 760 2674 Thomas,
783 2607 981 2661 nontamen
1004 2599 1045 2661 ab
1069 2599 1231 2663 adeundis
1253 2600 1373 2662 ceteris
1394 2598 1531 2678 religio-

358 2714 471 2760 sorum
485 2696 639 2759 domibus
653 2697 857 2774 abstinebat;
875 2699 922 2760 ait
935 2699 1025 2760 enim
1038 2716 1073 2761 se
1089 2698 1176 2778 apud
1192 2699 1350 2762 Sanctum
1362 2698 1532 2763 Victorem

321 2873 325 2877 ,
357 2811 458 2873 prope
471 2794 640 2856 Lutetiam
656 2795 835 2858 canonicos
851 2794 1022 2874 regulares
1032 2798 1055 2872 ⁴,
1074 2795 1161 2876 apud
1176 2797 1335 2860 Sanctum
1347 2796 1532 2858 Antonium

358 2893 601 2958 cistercienses
612 2892 771 2956 invisisse
780 2897 803 2968 ⁸,
816 2900 848 2956 et
858 2893 1085 2975 cumquadam
1095 2895 1247 2957 maximae
1254 2895 1391 2957 virtutis
1401 2894 1532 2973 virgine

313 3073 318 3079 p
361 2989 560 3076 collocutum
583 3007 671 3065 esse,
696 3008 769 3072 quar
790 2989 869 3054 olim
892 2991 933 3053 ab
955 2991 1110 3066 Isahella,
1133 2991 1318 3071 Anglorum
1337 2991 1471 3070 regina,
1495 2991 1531 3052 iu

360 3088 520 3151 famulam
537 3096 718 3168 assumpta,
736 3098 816 3152 tunc
827 3091 925 3152 domo
936 3089 1096 3170 hospitali
1112 3089 1315 3154 Pruvinensi
1330 3088 1530 3168 praelueriti.

360 3186 469 3261 illius,
485 3205 586 3267 quam
602 3186 774 3267 aliquanto
789 3195 936 3267 tempore
951 3187 1147 3263 incoluerat,
1164 3186 1350 3251 Galliarum
1367 3195 1532 3266 metropo-

358 3285 402 3347 lis
418 3291 451 3346 et
464 3283 558 3346 almae
573 3284 762 3347 litterarum
772 3286 888 3363 patria
901 3287 1004 3347 irater
1016 3285 1160 3347 Thomas
1173 3303 1304 3364 semper
1315 3286 1380 3346 luit
1393 3302 1530 3358 memor,

360 3381 1532 3462 mmmmmmmmmmummfflfflmammmmmmms

360 3478 560 3557 scriptorum
576 3496 713 3540 suorum
727 3478 810 3540 locis
824 3477 969 3540 libenter
984 3479 1098 3540 faciti.

400 3574 483 3637 Inde
505 3574 690 3636 Lovaninm
712 3593 897 3652 regressus,
923 3575 959 3636 in
981 3575 1132 3638 coenobio
1155 3594 1216 3639 suo
1234 3576 1369 3638 lectoris
1393 3594 1532 3639 munere

360 3671 1533 3751 wammmwmmmmwmfflMmmmmmfflma

361 3768 493 3847 gisterii
509 3768 654 3830 honores
674 3769 813 3848 adeptus
823 3772 844 3829 ⁸.
868 3771 937 3832 Nec
958 3770 1066 3848 magis
1084 3768 1221 3831 illorum
1241 3770 1352 3832 verbis
1374 3771 1456 3832 fides
1475 3771 1533 3832 ad-

360 3865 478 3940 denda,
496 3865 555 3944 qui
571 3873 726 3928 asserunt
743 3884 837 3941 eum,
861 3883 900 3929 eo
915 3867 1004 3947 quod
1022 3884 1058 3929 sc
1078 3866 1169 3930 vices
1189 3868 1419 3947 episcoporum
1433 3868 1533 3946 longo

360 3969 507 4043 tempore
520 3964 667 4043 gessisse
681 3964 780 4040 dicat,
801 3965 838 4027 in
857 3969 1034 4029 numerum
1049 3965 1279 4047 episcoporum
1294 3967 1533 4030 assumendum

361 4079 446 4138 esse,
463 4061 516 4126 vel
538 4062 626 4143 apud
646 4079 762 4128 eorum
777 4062 925 4146 aliquem
941 4064 1143 4148 coadjutoris
1160 4064 1268 4128 officio
1283 4066 1469 4128 tunctumt
1493 4066 1533 4129 Et

392 4249 414 4304 1.
429 4254 543 4302 Bonum
559 4253 732 4314 universate,
746 4250 795 4302 llb.
810 4249 833 4315 l,
844 4265 904 4316 cap.
916 4262 978 4317 ιιι,
990 4251 1003 4316 l
1017 4253 1040 4303 5.

389 4331 413 4384 2.
430 4333 512 4394 told,
527 4332 575 4386 lib.
592 4331 613 4395 1,
628 4345 688 4396 cap.
705 4344 749 4395 111,
761 4332 774 4396 Ι
784 4331 808 4384 6.

390 4411 660 4476 &mmmmm

390 4494 414 4545 1.
432 4495 516 4558 ibid,
531 4492 553 4554 1,
568 4505 617 4555 ιι,
632 4493 656 4544 1.

391 4576 415 4627 5.
432 4576 516 4636 litet..
532 4574 567 4638 11,
582 4586 645 4636 rru,
659 4574 683 4628 1.

392 4656 415 4708 6.
431 4657 514 4715 ibid,
532 4654 571 4714 11,
583 4665 651 4717 ιιι,
668 4654 706 4706 52.
742 4643 743 4646 ’

371 4735 415 4786 «7.
430 4738 542 4784 Bonum
559 4736 730 4796 universate,
747 4733 768 4796 1,
783 4745 831 4794 ιι,
847 4733 915 4786 8.-
930 4734 966 4798 11,
983 4748 1034 4798 vn,
1049 4735 1073 4797 1,
1088 4750 1116 4801 p.
1131 4736 1184 4788 152.
1198 4764 1227 4774 -
1243 4736 1278 4797 11,
1293 4748 1353 4798 ιιι,
1366 4735 1391 4798 i,
1405 4741 1457 4786 etc.

391 4813 415 4862 ⁸.
429 4815 589 4873 Scriptores
603 4815 716 4864 ordinis
731 4816 964 4878 mediatorum,
979 4818 999 4866 t.
1013 4814 1035 4879 1,
1050 4831 1077 4880 p.
1092 4814 1177 4866 15111).

391 4891 415 4942 9.
432 4891 464 4939 1ιι
478 4891 551 4940 hunc
568 4905 688 4942 errorem
709 4892 803 4956 plures
818 4892 977 4944 inciderunt
993 4906 1000 4944 t
1017 4896 1107 4946 Gallia
1122 4895 1293 4954 christiane,
1314 4897 1333 4943 1.
1354 4893 1408 4952 111,
1422 4893 1475 4944 col.
1492 4893 1531 4944 ³8.
