3644 5450
802 575 961 631 ..[31-

296 699 411 762 insula
424 701 591 779 profligati
610 710 699 776 sunt,
717 704 832 765 andita
848 705 1050 767 Batavorum
1065 707 1206 768 victoria
1225 707 1372 770 laetatum
1388 727 1474 784 esse,

298 798 386 878 qnod
401 797 537 878 quidem
553 817 590 860 ex
607 799 691 878 ipsis
705 800 777 880 ojus
792 802 904 864 verbis
917 803 1143 882 colligendum
1158 812 1210 867 est
1228 825 1235 865 :
1254 831 1268 862 α
1285 807 1477 887 Antequam

297 895 333 956 in
355 895 527 958 Walacria
549 895 611 958 sub
634 915 713 976 rege
737 897 925 973 Willelnro,
952 900 1160 964 moderatore
1185 905 1428 977 Romanorum,
1457 923 1477 967 a

297 993 417 1056 comite
433 993 603 1056 Florentio
618 1001 650 1056 et
665 994 931 1059 Zelandensihus
945 996 1196 1076 Flamingorurn
1212 1001 1377 1064 exercitus
1393 1002 1476 1064 ieri-

297 1099 400 1167 rotur,
418 1093 528 1155 oranti
550 1093 683 1155 cuidam
701 1112 761 1174 pro
780 1094 870 1156 dicta
889 1103 1003 1173 gente,
1023 1095 1058 1156 id
1074 1102 1124 1158 est
1138 1116 1198 1176 pro
1218 1098 1419 1178 Flamingis,
1439 1100 1494 1161 in·

297 1191 448 1252 oratione
469 1208 668 1268 responsum
690 1199 740 1254 est
760 1211 768 1251 ε
792 1216 805 1248 ι(
830 1191 938 1255 Sinite
963 1193 1124 1271 superbos
1140 1193 1327 1256 humiliari.
1346 1220 1360 1252 a
1382 1197 1477 1271 Quod

297 1287 397 1348 tertia
410 1293 485 1366 post
507 1286 561 1348 die
578 1287 704 1348 iactum
726 1286 934 1365 inspeximus
948 1289 970 1347 ¹.
995 1313 1008 1343 n
1031 1290 1172 1351 Matrem
1194 1289 1295 1352 etiam
1310 1290 1477 1353 Wilielmi

297 1385 387 1463 regis
409 1383 617 1458 Mathildini,
635 1383 823 1446 HolIandiae
838 1386 1065 1460 comitissam,
1084 1385 1176 1448 novit
1191 1387 1296 1449 frater
1314 1387 1474 1463 ThomaS,

298 1469 393 1564 eujus
408 1483 517 1547 relatu
531 1502 566 1546 se
581 1483 784 1562 comperisse
799 1484 880 1546 dicit
895 1484 1002 1559 iilam,
1019 1491 1154 1564 peracta
1168 1504 1291 1564 pugna,
1311 1485 1346 1546 in
1360 1486 1477 1549 Wala-

298 1583 403 1644 criam
415 1581 562 1644 insulam
573 1581 760 1654 devenisse,
776 1601 997 1663 campumque
1011 1584 1230 1645 cadaveribus
1244 1592 1396 1662 opertum
1408 1603 1477 1646 una

298 1699 374 1742 cnm
389 1680 518 1743 duobus
533 1680 695 1742 fratribus
711 1680 751 1743 de
767 1681 884 1742 ordine
898 1681 1168 1756 praedicatorum,
1185 1689 1222 1744 ut
1239 1683 1371 1745 saucios
1386 1682 1477 1746 colli-

298 1785 401 1858 geret,
417 1777 627 1841 lustravisse.
643 1778 750 1840 Affuit
768 1786 800 1841 et
815 1779 994 1842 comitissae
1009 1780 1159 1860 quaedem
1175 1788 1337 1855 matrona,
1355 1798 1477 1858 genere

299 1875 434 1951 nobilis,
452 1895 524 1957 quae
541 1876 763 1940 morientibus
777 1877 905 1956 pariter
924 1896 974 1952 ca,
992 1896 1065 1957 quar
1079 1885 1219 1956 poterat,
1235 1877 1356 1940 solatia
1370 1880 1477 1941 fertur

299 1973 453 2036 attulisse
465 1979 489 2034 ².

338 2072 368 2135 A
388 2071 561 2135 Willelmo
583 2091 661 2150 rege
686 2072 823 2135 nuntios
847 2072 999 2135 videmus
1026 2073 1067 2134 ad
1089 2072 1299 2152 Alphonsum
1321 2074 1478 2136 Pictaviae

300 2170 466 2244 comitem,
485 2171 652 2233 Lndovico
666 2189 743 2247 rogo
759 2171 795 2230 in
810 2170 963 2249 partibus
978 2171 1215 2232 transmarinis
1231 2177 1367 2248 agente,
1387 2195 1400 2227 a
1418 2190 1477 2249 pro

300 2267 433 2345 negotio
448 2268 539 2347 pacis
553 2267 692 2347 Imperii
706 2291 720 2322 n
733 2266 855 2330 missos
867 2268 896 2342 ³3
913 2285 968 2329 res
984 2275 1096 2329 autern
1111 2285 1179 2341 eas,
1196 2268 1236 2330 de
1252 2267 1375 2348 quihus
1390 2275 1478 2331 trao-

300 2366 402 2428 taturi
413 2366 568 2428 comitem
578 2365 752 2432 adiissent,
765 2364 993 2444 velignoravit
1004 2373 1129 2440 auctor,
1145 2365 1197 2428 vel
1207 2373 1296 2428 corte
1308 2384 1374 2428 non
1386 2365 1481 2428 duxit

300 2483 455 2545 expresse
470 2464 667 2544 prodendas.

339 2565 388 2626 De
401 2562 506 2624 nobili
520 2562 679 2624 comitum
687 2562 954 2626 Viennensium⁴
966 2569 1064 2640 gente
1079 2563 1242 2625 nonnulla
1252 2563 1350 2638 dixit3
1361 2563 1401 2626 de
1411 2565 1479 2626 Lu-

300 2661 431 2735 dovico,
449 2661 603 2723 Losiensi
623 2660 760 2733 comite,
782 2659 840 2740 qui
855 2659 959 2721 beatae
975 2660 1156 2724 Christinae
1171 2661 1320 2723 Mirabili
1340 2662 1478 2741 speciali

300 2760 498 2839 conjunctus
517 2759 582 2820 suit
599 2758 763 2832 amicitia,
780 2757 932 2838 quadarn
954 2767 1067 2820 narrat
1080 2764 1103 2833 ⁵,
1125 2760 1360 2840 memoriaeque
1377 2761 1479 2823 tradit

299 2857 525 2920 cisterciense
539 2856 647 2920 Vallis
663 2857 767 2919 Ducis
786 2856 1028 2918 monasterinm
1049 2857 1090 2918 ah
1108 2857 1270 2930 lienric0,
1288 2859 1479 2922 Bratantiae

300 2956 399 3030 duce,
423 2962 557 3035 petente
583 2955 765 3033 Margarita
790 2954 861 3016 filia
885 2954 1080 3028 fundatum,
1105 2956 1193 3035 qnod
1215 2962 1247 3018 et
1268 2974 1384 3019 verum
1406 2975 1480 3020 osse

300 3061 430 3117 constat
441 3059 465 3114 ⁶.

843 3369 937 3444 Xlli

331 3639 382 3695 DE
409 3639 638 3704 QUIBUSDAM
668 3635 819 3694 SUMMIS
848 3638 1134 3712 PONTIFICIBUS,
1166 3640 1454 3700 CARDINALIBUS

742 3766 791 3820 ET
819 3764 1037 3820 PRAELATIS.

346 4045 566 4119 Pontificum,
586 4043 644 4125 qui
660 4051 740 4106 tnnc
755 4045 913 4107 Romana
929 4045 1135 4123 praefuerunt
1150 4045 1323 4123 Ecclesiae,
1340 4052 1485 4115 Thomas

339 4267 361 4318 t.
376 4267 456 4328 11,11‚
475 4267 498 4318 t.

337 4346 360 4398 2.
377 4347 413 4410 11,
428 4359 460 4407 n,
475 4349 499 4400 5.

338 4428 361 4478 t.
377 4428 416 4492 ll,
433 4441 460 4488 x,
477 4427 516 4479 tr.

338 4505 361 4560 t.
377 4508 407 4557 ld
423 4512 465 4559 ost
477 4508 610 4560 comitum
624 4507 659 4559 do
674 4508 781 4559 Vianon
798 4509 844 4573 (11,
860 4523 942 4574 xxix,
958 4513 998 4576 30,
1013 4513 1063 4578 39).

337 4591 360 4640 5.
376 4589 411 4651 li,
427 4603 509 4653 xnm,
524 4591 552 4652 5;
567 4590 607 4653 11,
620 4603 680 4649 nm.
697 4590 736 4642 23.
758 4589 800 4642 Gi.
817 4593 906 4643 bostar
923 4593 1078 4646 Ohrtstinoe
1093 4593 1228 4645 Mirabilis
1245 4595 1340 4656 vitam,
1357 4611 1417 4664 esp.
1434 4598 1483 4668 iV,

306 4668 332 4734 ἓξ
347 4669 427 4723 titt.

337 4751 361 4800 t.
377 4750 412 4810 ΙΙ,
427 4762 455 4812 x,
469 4751 494 4800 8.
510 4753 598 4801 cattio
613 4753 781 4810 christiana,
796 4751 830 4813 V,
844 4753 884 4804 83.
